4497 5769
408 264 1595 412 PIERIUS
1760 265 3699 476 VALERIANUS

893 511 1531 666 JANO
1672 511 3206 660 PARRHASIO

1788 749 2067 835 S-P.
2187 751 2291 830 D.

632 971 644 991 ,
683 966 687 973 -
723 974 736 985 .
773 935 978 1035 ‚52³2
1004 935 1078 1016 A
1110 957 1150 1012 s
1184 958 1235 1015 τ
1268 961 1301 1016 1
1329 959 1384 1016 o
1420 961 1467 1017 a
1497 958 1548 1015 τ
1582 959 1614 1015 1
1639 961 1696 1016 o
1723 957 1786 1015 N
1817 958 1866 1013 E
1889 959 1927 1018 s
1983 941 2063 1018 ὅ(
2096 939 2478 1019 varietates
2538 936 3029 1021 Maronianae
3069 935 3451 1048 leelionis,
3487 974 3672 1054 quas

376 1104 383 1116 ·
542 1120 561 1152 ι
726 1063 743 1073 ”
774 1042 823 1152 sl„
857 1112 897 1148 „
969 1084 980 1130 ε
1061 1072 1193 1151 per
1228 1053 1467 1128 literas
1506 1052 1770 1143 toties,
1826 1068 1910 1127 ut
1946 1050 2384 1145 ederentur,
2427 1040 2879 1152 efflagitasti,
2921 1052 3288 1154 publicavi
3342 1058 3669 1143 demum

375 1183 381 1208 ·
430 1178 441 1208 ¹
512 1140 691 1261 5}
782 1197 834 1263 ‘2
900 1186 978 1267 l&
1044 1156 1282 1264 Jane,
1341 1163 1454 1240 vir
1505 1150 2014 1240 eruditiffime.
2074 1162 2261 1239 Sero
2315 1159 2394 1237 id
2443 1161 2802 1260 quidem,
2838 1155 2889 1237 fi
2948 1159 3386 1247 desiderium
3443 1190 3664 1253 tuum

573 1262 577 1277 ⁸
669 1285 682 1306 '
778 1303 798 1315 ³
846 1303 892 1326 w
937 1286 976 1351 *e
1057 1270 1416 1372 inspicio:
1453 1267 1560 1350 fin
1599 1294 1866 1350 meum
1902 1270 2042 1350 hac
2082 1270 2176 1348 de
2217 1294 2296 1348 re
2330 1266 2729 1348 confilium
2750 1316 2774 1358 ‚
2814 1270 3046 1373 longe
3082 1278 3389 1357 celerius
3424 1305 3659 1381 quam

889 1406 976 1461 «ι
1055 1380 1293 1460 facete
1329 1380 1783 1460 destinaram.
1838 1382 2021 1485 Qo
2055 1403 2238 1463 vero
2270 1379 2630 1479 successu,
2670 1380 3210 1486 qualiacunque
3249 1384 3390 1467 fint
3428 1389 3665 1493 haec,

852 1492 881 1538 '·
968 1492 974 1530 ³
1050 1492 1461 1594 prodierint
1481 1554 1507 1590 ,
1562 1491 1710 1595 ipse
1748 1491 2014 1573 videris
2035 1555 2059 1588 ,
2117 1493 2250 1592 qui
2286 1515 2414 1568 me
2452 1513 2847 1590 nunquam
2882 1493 2975 1573 ad
3031 1497 3447 1578 editionem
3506 1505 3653 1581 im·

348 1604 636 1708 pellere
671 1603 1060 1701 destiteris,
1101 1603 1350 1680 donec
1391 1626 1521 1679 me
1553 1604 1764 1705 operi
1817 1603 2129 1679 tandem
2163 1601 2583 1680 accinstum
2620 1601 3056 1681 intellexisti.
3102 1609 3362 1686 Tuum
3398 1613 3652 1715 itaque

353 1718 491 1793 erit
515 1772 539 1812 ,
578 1718 792 1813 cujus
829 1713 1240 1796 confilione
1277 1713 1525 1790 dicam
1548 1768 1574 1809 ‚
1618 1737 1715 1789 an
1755 1711 2105 1792 convicio
2140 1714 2388 1815 potius
2426 1709 2610 1790 haec
2662 1711 2818 1789 aila
2853 1710 3022 1794 sunt
3042 1773 3064 1809 ,
3105 1716 3236 1796 nbi
3276 1718 3472 1800 forte
3523 1725 3647 1802 de·

337 1827 604 1905 fecero
627 1885 650 1921 ,
687 1850 920 1930 opem
957 1826 1184 1905 ferre:
1223 1822 1355 1900 ubi
1390 1824 1785 1912 calumniis
1822 1822 2231 1918 objeaatus
2273 1820 2489 1912 fuero
2508 1877 2532 1919 ‚
2566 1822 2986 1901 defendere.
3029 1830 3551 1931 Quamquam,
3593 1834 3652 1913 fi.

341 1940 511 2039 quis
550 1931 693 2040 (de
731 1940 819 2014 iis
861 1940 1180 2039 loquor,
1218 1957 1410 2034 quos
1446 1934 1794 2011 mortalia
1833 1924 2199 2036 tangunt)
2238 1935 2768 2035 occupationes
2803 1957 3005 2012 meas
3045 1940 3527 2021 intellexerit:
3593 1945 3654 2024 si:

336 2050 645 2146 litium,
686 2049 954 2148 quibus
993 2046 1414 2148 implicatus
1454 2042 1663 2141 sum,
1689 2042 2056 2122 molestias
2095 2043 2362 2123 viderit
2384 2070 2402 2121 :
2426 2039 2743 2122 fiAulae
2763 2046 3260 2128 incommoda
3283 2055 3360 2129 &
3382 2078 3642 2134 avoca-

333 2162 597 2237 tiones
615 2158 919 2255 crebra,
937 2158 1204 2259 quibus
1237 2173 1392 2232 tam
1417 2153 1620 2258 saepe
1641 2177 1727 2230 ex
1748 2145 2012 2232 officio
2031 2152 2409 2251 distrahor,
2443 2150 2942 2232 considerarit:
2959 2153 3033 2256 fi,
3055 2163 3260 2259 quod
3282 2167 3649 2245 omnium

333 2270 686 2347 maxime
721 2267 964 2345 studiis
999 2270 1183 2347 meis
1206 2264 1615 2344 adversatur
1635 2266 2064 2368 ‚indignam
2090 2321 2114 2362 ,
2136 2289 2222 2343 ac
2259 2263 2415 2344 fere
2456 2257 2816 2342 affiduam
2849 2270 3044 2345 male
3068 2269 3306 2349 affeffi
3326 2276 3640 2375 pesteris

331 2379 859 2458 valetudinem
913 2377 1347 2480 inspexerit:
1399 2371 1454 2453 fi
1496 2375 1711 2453 duras
1771 2376 2096 2478 denique
2143 2377 2346 2453 norit
2408 2397 2654 2453 rerum
2712 2380 3069 2455 omnium
3127 2376 3594 2465 difficultates
3613 2444 3648 2485 ,

324 2481 537 2591 quae
581 2487 769 2565 mihi
805 2491 885 2564 in
922 2487 1076 2566 hoc
1114 2511 1338 2590 opere
1371 2484 1857 2565 conficiundo
1897 2485 2341 2589 superandae
2382 2483 2726 2563 fuerunt:
2784 2486 3210 2590 misereatur
3242 2498 3488 2594 potius
3507 2523 3645 2576 me·

329 2623 511 2678 non
556 2601 816 2675 omnia
845 2599 1094 2677 videre
1133 2595 1487 2701 potuifl‘e,
1525 2620 1758 2697 quam
1797 2597 2149 2676 damnare
2186 2598 2594 2698 quicquam
2633 2596 3115 2698 adgrediatur.
3197 2604 3474 2705 Neque
3514 2633 3633 2687 ve·

322 2732 423 2787 ro
467 2709 746 2787 dubito
785 2710 925 2787 esse
964 2709 1372 2810 quaedam,
1429 2730 1617 2807 quae
1657 2708 1777 2786 vel
1820 2703 1947 2810 ipsi
1986 2706 2177 2786 mihi
2226 2707 2454 2809 paulo
2491 2705 2648 2809 post
2685 2705 2882 2785 forte
2939 2705 3081 2787 sint
3141 2712 3585 2817 displicitura
3613 2750 3641 2798 ε·

322 2823 510 2922 qui,
551 2816 606 2897 fi
640 2844 768 2923 per
805 2823 1054 2898 otium
1095 2822 1309 2898 liceat
1331 2875 1355 2916 ,
1394 2816 1680 2921 sperem
1716 2819 1798 2897 in
1832 2817 1988 2897 dies
2030 2819 2346 2897 meliora
2385 2818 2783 2921 praeteritis
2824 2821 3181 2901 invenire.
3257 2827 3489 2927 Quod
3547 2827 3644 2910 ss·

324 2956 490 3033 qua
527 2950 747 3008 erunt
769 2995 790 3028 ,
829 2933 922 3008 de
957 2930 1226 3031 quibus
1261 2931 1520 3030 aliquis
1557 2930 1752 3007 dicat
1776 2986 1801 3027 ,
1860 2932 2216 3008 Coenam
2274 2926 2429 3007 fine
2483 2928 2625 3007 istis
2688 2929 2861 3007 duci
2922 2935 3272 3033 potuisse:
3332 2938 3408 3016 id
3451 2964 3548 3018 eo
3587 2969 3628 3021 a

330 3067 472 3118 me
516 3038 831 3119 confilio
863 3040 1143 3120 fastum
1163 3103 1187 3137 ‚
1234 3060 1316 3118 ut
1352 3038 1748 3118 festiviores
1786 3042 2136 3143 agricolas
2184 3042 2512 3118 imitarer
2531 3101 2554 3137 ,
2597 3041 2728 3140 qui
2769 3038 3149 3137 frusstuum
3189 3049 3635 3130 munuscula

317 3151 546 3229 foliis
582 3151 974 3229 ambitiose
1006 3151 1258 3232 vestire
1300 3148 1543 3228 solent
1564 3152 1989 3252 ,maluique
2026 3147 2377 3254 supereffe
2413 3149 2623 3251 quod
2658 3151 2827 3226 tolli
2864 3153 3139 3253 posset,
3161 3181 3392 3255 quam
3426 3160 3627 3240 dees—

319 3262 408 3339 se
451 3265 670 3362 quod
707 3259 1269 3340 desiderandum
1304 3262 1695 3340 videretur.
1775 3262 2168 3366 Qaedam
2206 3280 2459 3340 autem
2482 3321 2504 3358 ,
2543 3284 2734 3360 quae
2770 3262 3190 3343 admodum
3231 3270 3416 3347 levia
3452 3295 3629 3351 cen.-

315 3370 686 3460 seantur‚
740 3396 828 3448 ea
879 3371 1340 3475 compensari
1399 3372 1742 3450 mercede
1796 3390 2195 3475 poterunt,
2248 3371 2459 3472 quod
2511 3387 2670 3447 tam
2727 3374 2965 3450 multa
3020 3399 3388 3475 numero,
3429 3407 3629 3481 quae·

312 3500 732 3585 corrupta,
771 3482 1049 3560 inversa
1069 3544 1092 3580 ,
1128 3485 1359 3561 lacera
1378 3530 1402 3573 ‚
1443 3483 1976 3585 depravataque
2010 3475 2280 3585 passim
2314 3480 2817 3570 habebantur,
2856 3482 3006 3561 hoc
3061 3487 3376 3567 demum
3413 3492 3618 3571 labo-

309 3618 405 3671 re
454 3610 646 3670 meo
683 3593 1184 3670 incolumitati
1218 3590 1361 3670 sint
1396 3593 1731 3695 pristinae
1771 3591 2110 3669 restituta.
2198 3594 2410 3695 Quae
2447 3591 2759 3690 quidem
2794 3593 2969 3672 licet
3010 3599 3249 3675 multa
3285 3604 3628 3683 omnino

312 3702 480 3783 fint
502 3765 530 3800 ,
570 3721 867 3779 tantum
902 3722 1154 3781 tamen
1190 3704 1424 3801 abest,
1468 3721 1551 3782 ut
1593 3727 1721 3780 me
1759 3703 2021 3779 omnia
2055 3718 2320 3804 putem
2374 3701 2773 3779 affecutum
2794 3764 2817 3800 ,
2868 3722 2952 3781 ut
3007 3730 3175 3784 non
3216 3731 3446 3811 pauca
3487 3736 3613 3791 cu·

312 3810 595 3893 riofius
631 3813 1050 3915 indaganda
1068 3868 1093 3909 ‚
1151 3817 1228 3891 &
1269 3832 1436 3891 tuae
1454 3870 1479 3911 ,
1539 3817 1619 3892 ὅ(
1669 3814 1993 3891 aliorum
2033 3812 2457 3915 diligentiae
2499 3813 2975 3912 reliquerim:
3009 3840 3198 3918 quae
3246 3837 3617 3921 tanquam

305 3925 704 4029 spicilegia
743 3923 1111 4024 quaedam
1145 3923 1666 4026 praetereunda
1699 3922 1940 4020 fliete,
1981 3923 2170 4001 dum
2208 3940 2285 4000 te
2307 3979 2332 4016 ‚
2374 3924 2561 4000 dum
2602 3925 2886 4002 amicos
2920 3929 3142 4024 alios,
3193 3930 3274 4006 in
3324 3935 3611 4033 primis-

303 4060 470 4137 que
514 4026 1120 4112 studiosiffimum
1163 4058 1248 4112 ac
1281 4024 1884 4137 probatiffimum
1919 4032 2472 4112 adolescentem
2511 4030 2994 4114 Benedietum
3032 4038 3405 4120 Acolthin
3466 4037 3622 4149 (eo

300 4150 541 4224 enim
579 4135 1056 4249 potiffimum
1096 4145 1430 4222 Austore
1471 4144 1821 4223 dederam
1861 4154 1988 4221 me
2026 4144 2243 4244 hujus
2281 4145 2621 4222 leitionis
2657 4138 3036 4250 indagini)
3077 4149 3445 4254 obsequio
3482 4156 3608 4234 de·

303 4257 601 4335 mereti
638 4254 1145 4358 properabam.
1203 4254 1438 4358 Quod
1473 4251 1528 4332 fi
1577 4254 1774 4333 forte
1809 4257 2143 4352 eveniat,
2194 4255 2404 4356 quod
2466 4256 2791 4333 maxime
2849 4281 3207 4361 cuperem
3225 4317 3250 4358 ‚
3329 4283 3414 4341 ut
3489 4264 3603 4345 his
3671 4262 3680 4273 ’

306 4371 564 4470 longe
604 4365 1052 4467 castigatiora
1083 4364 1445 4467 quispiam
1485 4366 1740 4443 nactus
1774 4364 2344 4444 commentusve
2387 4361 2472 4442 sit
2492 4415 2516 4455 ,
2540 4389 2693 4468 ego·
2724 4366 2801 4443 id
2839 4370 3165 4470 ingenue
3204 4354 3613 4475 profiteor-⁷,

303 4496 400 4556 ut
451 4475 896 4554 melioribus
929 4477 1341 4555 adinventis
1373 4473 1821 4553 sententiam
1860 4475 2009 4579 ipse
2054 4500 2305 4555 meam
2343 4472 2480 4553 sim
2515 4474 2710 4552 haud
2749 4498 3042 4579 gravate
3092 4504 3611 4562 commutatu-

302 4614 492 4667 rus:
552 4587 981 4664 dummodo
1021 4586 1441 4689 virgiliano
1479 4589 1839 4683 carmini,
1891 4605 2112 4687 atque
2172 4590 2325 4687 ejus
2365 4588 2812 4668 amatoribus
2871 4587 2955 4667 fit
3008 4590 3199 4669 bene
3252 4594 3596 4698 recteque

296 4696 780 4781 consultum.
888 4697 1120 4795 Vale,
1177 4710 1492 4796 meque,
1552 4716 1637 4774 ut
1681 4694 1900 4795 facis,
1956 4721 2145 4776 ama.

539 4810 858 4888 Romae.
912 4826 1116 4887 1111.
1155 4807 1326 4888 Cal.
1369 4803 1632 4915 JuliaS.
1692 4826 1802 4887 M.
1857 4828 1944 4886 n.
1996 4827 2167 4888 m.

3174 4888 3622 5013 1NDEx
