4497 5769
823 353 1020 452 '208
1228 337 1442 480 J'o.'
1582 343 2158 434 P1.1R11
2307 336 3726 431 CAs'rreATxoir—»izs

811 532 1020 595 venta,
1053 530 1165 594 qua
1188 508 1681 575 denominativum
1704 526 1771 569 ea
1799 504 1987 571 forma
2014 501 2298 569 deducere
2325 521 2427 565 ne·
2506 504 2691 571 fluum
2736 500 2955 569 videtur
3009 517 3267 567 veterum
3322 520 3700 567 monumenta
3742 502 3805 565 in
3867 503 4124 573 testim

820 593 1125 658 cessarium
1175 605 1392 668 putent.
1469 584 1582 650 Sed
1614 586 1770 648 enim
1797 631 1818 662 ,
1866 601 1928 648 ut
1977 585 2154 646 multa
2194 599 2432 661 praeter·
2512 588 2675 648 nium
2719 579 2950 660 afferre,
2978 581 3271 645 consuesse
3308 582 3516 661 priscos
3560 581 3796 663 cauffam
3833 582 4140 667 duplicato

823 690 957 735 eam
984 719 1007 749 ,
1053 688 1194 748 quae
1222 685 1423 738 contra
1451 663 1650 748 oggeri
1671 664 1931 744 pollent,
1959 659 2028 722 ad
2067 662 2184 738 ejus
2221 660 2438 746 regulae
2592 659 2791 744 passim
2830 661 3131 741 scriptitare
3217 679 3398 740 quum
3440 676 3531 724 tot
3568 660 3801 723 Romae
3838 680 4142 728 marmora

827 749 1218 813 infirmitatem
1256 746 1708 824 coarguendam,
1744 758 1846 803 cur
1862 743 2105 801 Lavino
2134 738 2442 828 dimenlio·
2539 739 2865 822 pectemus,
2904 760 3047 818 quae
3071 707 3389 802 didi-ionem
3418 756 3545 801 eam
3574 757 3673 820 per
3772 743 4134 820 geminatum

831 847 912 891 ne
940 824 1166 889 Bacchii
1197 822 1212 884 l
1284 821 1499 886 endum
1532 819 1630 897 fit,
1663 837 1784 880 non
1813 813 2304 879 contemnendam
2336 831 2445 877 mi·
2520 835 2776 883 notatam
2803 817 3110 880 ostentent.
3178 816 3509 897 Scriptionis
3534 836 3675 878 vero
3744 817 4020 894 ujusmodi
4050 838 4132 883 ra-

830 905 898 969 hi
924 906 1201 966 rationem
1283 902 1464 962 ervius
1491 896 1707 959 videtur
1742 892 1996 958 attulisse.
2080 893 2250 957 Nam
2287 890 2447 971 quod
2525 901 2747 961 tionem
2774 896 2923 959 hanc
2965 893 3149 958 afferri
3177 895 3393 957 solitam
3421 896 3494 957 ait
3521 893 3829 957 Terentius
3855 894 4138 978 Smurus,

833 981 988 1063 apud
1032 978 1378 1058 Dionysium
1423 972 1868 1038 Alicarnaffeum
1921 971 1938 1033 l
2011 991 2174 1035 amus
2217 968 2451 1052 Populos
2529 973 2687 1055 quod
2729 973 2913 1060 cariffi:
2957 972 3107 1037 dista
3146 972 3212 1036 sit
3252 991 3286 1035 a
3326 970 3808 1049 cavillationibus,
3846 975 3941 1035 vel
3980 995 4010 1037 a
4047 997 4144 1036 ca-

837 1065 978 1135 tris,
1038 1054 1408 1134 Lavinienfis
1499 1057 1817 1136 Laurentes
1843 1096 1864 1130 ,
2057 1054 2414 1112 Laviniatas
2430 1093 2452 1127 ,
2526 1051 2746 1131 vende,
2781 1045 2991 1132 cavifflr
3010 1076 3030 1113 .·
3066 1050 3271 1114 deinde
3315 1050 3461 1105 κατὰ
3478 1053 3739 1113 'caynam
3761 1049 3939 1133 cauffb
3953 1099 3975 1132 ,
4011 1055 4088 1117 ita
4115 1075 4146 1115 s

837 1153 1201 1216 nequaquam
1238 1099 1485 1196 ostendit
1511 1129 1814 1213 Virgilium
1843 1132 2107 1216 Lavinia
2123 1175 2146 1208 ,
2176 1147 2298 1190 non
2330 1133 2455 1216 Lq-
2528 1132 2765 1195 litteram
2810 1128 3208 1212 geminandam
3250 1144 3623 1210 putaverunt,
3666 1144 3731 1189 ut
3759 1148 3790 1189 a
3830 1148 4041 1218 pareret
4070 1149 4146 1194 ο.

841 1220 1030 1290 vina,
1084 1212 1331 1274 formare
1371 1208 1640 1272 debuiffie.
1718 1206 1873 1268 Non
1926 1225 2082 1267 enim
2125 1201 2458 1268 Graecitatis
2531 1210 2816 1290 riginatio:
2856 1209 3008 1272 aliter
3054 1225 3245 1269 tamen
3273 1208 3382 1285 ipse
3428 1203 3622 1283 sentit,
3660 1209 3758 1286 qui
3825 1223 3971 1287 icat,
4001 1227 4028 1268 s
4056 1208 4147 1271 lit-

841 1291 944 1356 usu
972 1290 1299 1354 nostrorum
1317 1334 1339 1367 ,
1373 1306 1515 1370 quae
1543 1284 1656 1348 esse
1701 1303 1840 1350 cum
1882 1283 2103 1347 decoro
2133 1283 2355 1364 potest,
2390 1282 2460 1343 li-
2536 1305 2715 1352 teram
2742 1304 2863 1349 non
2890 1285 3062 1349 solere
3090 1285 3392 1367 geminari,
3428 1283 3524 1344 niii
3554 1283 3926 1363 praecedente
3962 1289 4145 1350 vomu

841 1369 1033 1436 centia
1077 1367 1414 1431 coart‘tatur.
1491 1361 1655 1443 Quid
1697 1381 1835 1424 vero
1863 1407 1885 1439 ,
1936 1359 2096 1443 quod
2136 1360 2283 1442 apud
2331 1361 2460 1424 Sex,
2536 1382 2833 1446 correpta:
2889 1384 3058 1447 quare
3118 1361 3339 1444 causam
3392 1361 3567 1423 unico
3606 1381 3636 1420 s
3689 1359 3853 1425 scribi
3916 1366 4149 1428 mavult.

847 1446 1250 1528 Propertium,
1296 1448 1547 1507 Lavinis
1630 1439 1984 1503 dimensione
2027 1437 2270 1502 Molossi
2314 1439 2464 1520 pofi-
2537 1443 2678 1506 Nos
2707 1461 2896 1505 tamen
2929 1442 3187 1505 libentius
3226 1443 3342 1501 sin
3381 1436 3563 1518 cauffo
3605 1442 3993 1520 geminamus:
4070 1445 4152 1505 uia

850 1541 982 1591 tum
1021 1523 1309 1599 videmus,
1339 1540 1415 1585 eo
1459 1540 1497 1596 y
1580 1538 1650 1582 u:
1703 1516 1997 1607 Jaci'aque
2043 1522 2292 1606 Lavinis
2321 1538 2465 1578 moe·
2540 1520 2617 1583 sic
2659 1519 2875 1610 Virgilii
2940 1522 3011 1585 δε
3063 1518 3362 1588 Ciceronis
3420 1535 3592 1578 manu
3651 1513 3922 1598 scriptum
3977 1461 4153 1586 asserit

855 1609 957 1667 uia
986 1600 1237 1663 litoribus
1254 1622 1273 1661 .·
1312 1598 1413 1661 nisi
1482 1599 1564 1662 uis
1591 1594 1800 1659 sustam
1830 1596 1908 1658 ibi
1941 1594 2240 1676 synaeresin
2282 1593 2463 1673 dicat,
2545 1597 2976 1678 Quindiilianus.
3014 1594 3143 1659 Ubi
3172 1614 3310 1660 vero
3336 1593 3603 1676 saevique
3631 1593 3836 1656 dolores
3862 1597 4057 1679 legitur
4091 1600 4152 1661 in

853 1699 934 1746 ex
966 1684 1267 1743 Laviniis:
1349 1618 1480 1741 uodl
1495 1677 1555 1737 in
1601 1677 1845 1736 Lavino
1883 1672 2100 1762 alterius
2127 1672 2347 1737 formae
2372 1692 2468 1737 ca-
2544 1677 2776 1759 vulgatis
2840 1675 3136 1740 codicibus
3162 1720 3184 1754 ,
3249 1691 3435 1736 vetera
3492 1674 3821 1750 exemplaria
3868 1674 4149 1755 quaedam

852 1759 917 1822 su
940 1755 1057 1819 fieri
1085 1776 1207 1819 non
1236 1774 1317 1833 po
1388 1770 1435 1817 t:
1473 1752 1514 1816 fi
1542 1751 1748 1816 vetusti
1774 1750 2005 1815 codices
2033 1752 2468 1827 ambiguitatem
2544 1773 2685 1817 cum
2726 1753 3174 1836 Longobardico
3213 1749 3423 1811 labores
3465 1749 3707 1812 habent:
3757 1771 3895 1833 quos
3933 1754 4149 1818 scilicet

863 1836 876 1849 “
971 1853 1034 1897 m
1064 1832 1285 1896 firmare
1323 1851 1445 1894 non
1572 1829 1751 1893 ssunt:
1793 1828 2011 1891 nullum
2044 1845 2158 1918 ego
2186 1848 2376 1909 neque
2408 1829 2471 1890 in
2548 1850 2749 1895 contra
2772 1832 3057 1909 Troianos
3091 1845 3251 1893 antea
3294 1828 3638 1908 susceperat,
3670 1845 3796 1892 toto
3833 1849 3907 1891 eo
3935 1829 4152 1893 decen-

859 1913 1067 1977 mtirna
1111 1909 1456 1975 bibliotheca
1548 1910 1762 1972 aticana
1787 1952 1811 1985 ,
1859 1925 2052 1985 neque¹
2092 1926 2150 1968 in
2193 1926 2299 1986 eii,
2331 1925 2475 1985 quae
2548 1911 2657 1972 nali
2687 1909 2870 1973 bello:
2910 1927 3044 1971 nam
3082 1906 3239 1989 quod
3280 1906 3551 1989 sequitur,
3584 1920 3767 1965 manet
3809 1907 3940 1966 alta
3977 1922 4154 1970 mente

864 1990 1138 2054 omnium
1161 1985 1503 2052 ,commodo
1537 1982 1801 2067 patescit,
1835 2002 2020 2064 neque
2046 1984 2106 2046 in
2150 1982 2296 2063 aliis,
2331 2003 2476 2066 quos
2551 1986 2811 2068 repostum
2839 1988 3133 2066 Judicium
3161 1985 3421 2047 Paeridis:
3460 1986 3526 2047 &
3637 2003 3698 2044 ae
3722 1984 4029 2064 sequuntur
4045 2033 4065 2065 ,
4090 1987 4155 2049 ad

863 2067 996 2134 alibi
1041 2064 1314 2156 viderim,
1358 2062 1626 2128 codicem
1672 2062 1900 2139 inveni,
1940 2061 2038 2140 qui
2074 2060 2382 2125 lectionem
2417 2080 2479 2123 e·
2550 2084 2619 2128 ex
2727 2070 3037 2128 erationem
3068 2062 3242 2145 posita
3273 2065 3415 2125 sunt.
3630 2079 3814 2140 neque
3841 2063 3982 2126 illud
4013 2065 4156 2128 diffi-

865 2143 1113 2226 iusmodi
1155 2158 1504 2207 contineret:
1558 2142 1617 2203 in
1648 2140 1919 2203 omnibus
1967 2157 2141 2218 ver0,
2192 2156 2479 2228 quotquot
2556 2163 2658 2206 mu
2749 2142 2889 2206 dum
2933 2140 3051 2221 est,
3097 2140 3510 2204 emendatiores
3551 2138 3779 2201 codices
3813 2139 3944 2200 alta
3979 2156 4155 2203 mente

869 2222 1146 2287 enancisci
1178 2222 1371 2302 potui,
1407 2237 1572 2300 atque
1607 2219 1776 2282 etiam
1813 2217 1871 2278 in
1905 2214 2241 2279 Ti.Claudii
2273 2217 2477 2281 Dona·
2554 2219 2661 2285 abs
2688 2239 2757 2284 ue
2784 2227 2844 2282 in
2915 2219 3281 2311 raepofitione
3306 2218 3504 2298 legere.
3546 2214 3743 2296 Qiam
3774 2217 4009 2295 quidem
4038 2239 4156 2299 par..

865 2302 914 2364 ti
948 2297 1371 2364 commentariis
1421 2297 1688 2378 antiquis,
1745 2300 2092 2378 Lavinaque
2137 2301 2297 2357 venit
2313 2345 2333 2386 ἲ
2380 2315 2481 2358 eo·
2557 2298 2633 2361 tic
2692 2318 2788 2361 am
2890 2298 3090 2377 irgilius
3130 2296 3368 2359 libenter
3413 2301 3703 2376 praeterire
3743 2295 3897 2358 solet.
3968 2297 4152 2376 Qiod

868 2378 1010 2443 dem
1038 2376 1301 2457 exemplo
1328 2375 1595 2457 scriptum
1639 2371 1890 2452 inspexi..
1935 2371 2162 2436 Addam
2202 2371 2271 2435 ὅ(
2314 2373 2480 2450 illud,
2557 2395 2699 2440 vero
2720 2373 2788 2438 ad
2815 2375 3021 2438 doleres
3118 2375 3312 2451 rtinet,
3345 2375 3402 2435 in
3431 2374 3708 2434 veteribus
3785 2372 4009 2452 lerisque
4051 2394 4158 2438 co-

868 2454 1041 2532 litur,
1073 2455 1244 2518 unico
1271 2467 1336 2531 t,
1365 2455 1422 2515 in
1460 2451 1862 2533 antiquioribus
1899 2448 2161 2530 plerisque
2188 2449 2483 2514 codicibus
2557 2453 2778 2517 dicibus
2813 2455 2978 2517 altera
3019 2453 3054 2515 il
3074 2473 3105 2514 a
3145 2451 3348 2514 sublata
3391 2450 3638 2513 lectione
3679 2450 3750 2511 do
3829 2471 3885 2511 es
3919 2453 4155 2532 inperiu-

767 2575 772 2580 -
869 2530 1093 2597 haberi:
1151 2548 1212 2595 ut
1246 2532 1415 2593 etiam
1443 2533 1501 2592 in
1548 2547 1803 2593 veterum
1849 2528 2238 2591 monumentis
2264 2528 2483 2609 inspici·
2558 2532 2796 2595 ductum
2825 2529 2948 2612 est,
2982 2550 3101 2592 non
3131 2530 3377 2592 omnino
3409 2528 3585 2604 male,
3626 2527 3663 2589 si
3692 2546 3837 2607 quae
3858 2526 4155 2610 sequuntur

874 2627 998 2676 tur:
1035 2609 1109 2672 de
1135 2629 1254 2690 quo
1284 2609 1428 2670 libro
1456 2626 1575 2670 vu.
1604 2606 1779 2687 plura.
2558 2610 2808 2690 inspicias
2824 2657 2843 2688 ,
2871 2628 3013 2688 quae
3037 2606 3266 2669 dolendi
3292 2604 3541 2669 caussam
3566 2605 3783 2668 darent.

950 2688 986 2752 8
1044 2687 1126 2750 Vi
1183 2701 1513 2749 supr-:num
1574 2701 1829 2747 saeviit.
1869 2698 2234 2747 MEMOREM
2262 2681 2481 2761 Jtmo-
2636 2702 2729 2764 32.
2768 2686 2991 2749 Ram-1
3023 2682 3443 2748 Ganrmssnis
3480 2700 3826 2746 notiones.
3892 2682 4157 2763 Quodin

873 2782 989 2833 ms
1029 2783 1116 2829 on
1155 2778 1356 2826 inam.
1406 2761 1631 2842 Vulgati
1679 2761 1925 2841 plerique
1964 2760 2190 2824 codices
2226 2775 2284 2821 et
2303 2763 2480 2850 ‚par-ti-
2556 2766 2854 2828 codicibus
2879 2764 3091 2853 aliquot
3116 2762 3350 2851 antiquis
3372 2760 3493 2825 duo
3531 2761 3621 2823 illa
3647 2762 3817 2822 verba
3857 2780 3891 2821 r
3961 2769 4011 2823 ti
4042 2768 4161 2825 Ga-

871 2843 1068 2909 culam
1093 2842 1365 2905 inserunt:
1407 2846 1475 2902 vi
1490 2844 1748 2920 superum
1773 2833 1852 2910 (θ’
1866 2838 2099 2918 saevae.
2177 2836 2481 2928 Antiquio-
2556 2842 2795 2933 nymedis
2819 2860 2919 2932 per
2947 2839 3170 2904 lineolas
3194 2840 3305 2902 alio
3327 2853 3503 2929 atque
3527 2837 3637 2901 alio
3662 2838 3800 2901 loco
3827 2837 3868 2901 d
4056 2840 4161 2905 dis-

875 2942 962 2988 tes
998 2920 1200 3001 absque
1247 2932 1303 2978 et
1355 2918 1579 3000 legunt:
1627 2915 1788 2997 quod
1837 2916 2006 2995 longe
2041 2916 2362 2995 venustius,
2411 2916 2481 2980 ὅτ
2560 2937 2619 2984 tii
2684 2922 2735 2982 ui
2776 2919 3030 2996 videtur,
3073 2935 3281 2999 nempe
3325 2934 3383 2978 in
3425 2915 3638 2996 aliquot
3678 2934 3855 2994 ante,
3906 2920 3977 2982 &
4026 2918 4155 2996 post

878 3001 1098 3081 gravius
1123 2996 1359 3059 videtur.
2556 2998 2615 3061 di
2679 3000 2872 3060 ‘onem
2904 2996 3257 3074 Ganymedis,
3295 2993 3413 3056 hoc
3440 2993 3641 3074 pasto:
3682 3000 3859 3073 Rapti
3881 3000 4157 3077 Ganyme-

968 3095 1062 3154 14.
1101 3075 1266 3150 Tofr
1301 3091 1519 3138 ADIRE
1561 3089 1874 3136 Lanonits
1914 3068 2339 3136 IMPuLnRrT.
2414 3069 2483 3134 In
2558 3078 2680 3153 dis,
2708 3074 2933 3136 bonores
2960 3096 2987 3165 ,-
3022 3076 3080 3135 in
3110 3072 3319 3154 aliquot
3356 3073 3499 3134 inter
3528 3072 3858 3151 particulam
3885 3075 4159 3151 copulan-

882 3150 1170 3218 Romano
1207 3152 1448 3230 codice,
1489 3150 1807 3231 impulerat,
1845 3148 2127 3212 indicandi
2160 3148 2346 3212 modo
2358 3193 2387 3238 ,ι
2414 3151 2483 3212 &
2561 3172 2693 3215 vam
2723 3154 2791 3217 ὅ(
2904 3153 3190 3232 rticipium
3224 3156 3407 3241 rapti,
3442 3149 3560 3212 hoc
3605 3148 3824 3226 modo;
3858 3148 3972 3228 ἀ,
4007 3157 4158 3231 rapti

882 3232 1081 3295 exacta
1101 3228 1326 3311 speciel
1399 3229 1525 3292 itur.
1600 3226 1775 3307 Quasi
1803 3229 1916 3305 jam
1958 3226 2092 3289 hinc
2121 3226 2190 3288 ad
2219 3226 2487 3314 concilia·
2562 3237 2808 3311 Ganyme
2855 3238 2924 3309 ἐ,
2966 3224 3224 3290 honores:
3275 3248 3333 3289 in
3380 3227 3720 3289 memoriam
3758 3228 4031 3309 suggerit,
4064 3248 4161 3291 va-

883 3311 1140 3388 tionem,
1179 3325 1318 3386 quae
1392 3308 1521 3369 ovis
1557 3306 1814 3386 precibus
1837 3304 2117 3367 subsecuta
2145 3303 2263 3381 est,
2303 3301 2487 3366 Poeta
2561 3308 2661 3370 rias
2687 3306 2880 3370 itidem
2914 3307 3076 3385 hujus
3116 3303 3454 3369 hemistichii
3496 3305 3781 3369 sententias
3803 3304 3953 3386 apud
3981 3304 4159 3370 Inter·

888 3387 1202 3468 respexerit.
1235 3383 1348 3448 Sed
1387 3384 1543 3446 enim
1582 3380 1811 3446 codices
1841 3382 2035 3462 reliqui
2081 3400 2197 3445 tam
2236 3398 2488 3461 veteres,
2565 3400 2744 3475 pretes
2769 3385 2899 3447 effe.
2975 3382 3047 3446 N
3050 3388 3213 3447 onius
3239 3385 3392 3444 enim
3418 3380 3755 3460 Marcellus,
3783 3380 4157 3465 honores-,pto

933 3485 1065 3528 uam
1105 3464 1480 3539 recentiores,
1518 3458 1789 3541 impulerit
1829 3459 2041 3548 leguntt
2116 3456 2251 3521 Hac
2298 3476 2488 3522 tamen
2563 3463 2874 3544 integi-itate
2902 3461 2971 3523 &
3004 3460 3270 3541 pudicitia
3297 3459 3417 3524 vult
3440 3460 3559 3523 hoc
3587 3461 3722 3525 loco
3749 3461 3919 3524 intell'
3964 3463 4004 3521 ⁰:
4029 3481 4163 3541 qua·

951 3562 1071 3605 rma
1145 3541 1363 3621 leraque
1392 3539 1492 3603 alia
1525 3538 1600 3600 fic
1632 3554 1841 3601 mutata
1871 3554 2223 3618 reperiemus,
2567 3558 2657 3617 re,
2697 3547 2848 3618 rapti
2886 3535 3145 3617 honores,
3195 3538 3379 3618 legere
3427 3538 3683 3616 videtur,
3731 3538 3846 3600 hoc
4013 3558 4163 3618 rapta

962 3639 1062 3712 ²4·
1174 3636 1372 3683 ritus
1408 3632 1588 3679 oLiM
1628 3632 1809 3695 Quis:
1841 3629 2226 3677 VERTERET
2262 3630 2490 3676 aucas.
2566 3615 2846 3698 pudicitia.
2919 3619 3202 3693 Honores,
3246 3616 3332 3677 alii
3368 3635 3476 3697 pro
3517 3615 3874 3696 dignatione,
3906 3637 4021 3697 qua
4050 3619 4169 3680 fue·

886 3698 1127 3780 Antiqui
1163 3696 1378 3775 aliquot
1422 3691 1684 3774 codices,
1733 3706 2012 3754 everteret
2049 3690 2280 3771 legunt,
2330 3691 2493 3772 quod
2568 3696 2639 3756 rit
2667 3691 3033 3774 Ganymedes
3062 3689 3422 3782 honestatus,
3444 3712 3479 3755 e
3594 3695 3987 3834 nuntzquippe
4012 3693 4167 3777 quod

887 3775 1150 3842 nonnulli
1175 3776 1332 3837 a‘unt
1358 3773 1633 3849 majorem
1661 3788 1788 3850 prae
1813 3769 1866 3832 se
1889 3769 2029 3830 ferre
2059 3786 2372 3848 conatum,
2399 3768 2492 3832 sed
2570 3770 2646 3833 M
2686 3772 2905 3853 thologi
2930 3789 3065 3834 eum
3092 3769 3290 3834 dicunt
3331 3790 3389 3831 in
3538 3773 3664 3833 iaco
3690 3769 3879 3833 sedem
3934 3776 4168 3837 ortitum

892 3856 1050 3916 enim
1072 3851 1171 3914 Ti.
1282 3865 1480 3913 onatus
1518 3862 1740 3938 vertere
1782 3845 2142 3936 eam-habere
2181 3846 2495 3937 intellet‘kus
2568 3790 2717 3927 eliz,
2751 3848 2905 3929 quod
2929 3849 3163 3927 quidem
3191 3848 3345 3911 dictu
3375 3847 3615 3911 foedum
3643 3850 3716 3912 ait
3748 3847 4032 3913 Donatus.
4045 3851 4175 3914 Sa-

893 3928 1202 4011 expressam
1243 3929 1517 3990 rationem
1563 3925 1726 4002 dicit,
1762 3942 1821 3988 ut
1863 3923 2001 3985 nihil
2046 3922 2174 4004 post
2211 3925 2494 3986 excidium
2574 3929 2724 4003 vius,
2761 3928 2858 4007 qui
2897 3925 3125 3989 honores
3165 3928 3469 4007 Ganymedi
3493 3925 3712 3988 habitos
3749 3930 4174 4010 interpretatur,

897 4007 1152 4086 superfit:
1195 4004 1440 4085 huicque
1470 4001 1601 4065 illud
1632 4002 1807 4064 {imile
1846 4001 2154 4089 subjungit:
2193 4002 2368 4085 Qec
2405 4018 2495 4081 te,
2572 4010 2761 4083 rapti,
2799 4007 2916 4068 hoc
2955 4001 3075 4082 est,
3123 4002 3350 4084 stuprati
3392 4023 3458 4066 ex
3540 4006 3654 4082 nit,
3691 4020 3784 4067 ut:
3833 4009 3923 4064 Ra
3954 4020 4023 4067 ta
4054 4013 4181 4068 Ga-

888 4091 1145 4173 gem'tor,
1165 4080 1451 4160 fintentia
1482 4086 1697 4170 vertitf
1738 4079 1853 4142 hoc
1881 4078 1962 4140 est
1978 4124 1998 4156 ,
2024 4084 2098 4141 iic
2133 4081 2406 4168 mutavit,
2435 4096 2497 4143 ut
2572 4083 2890 4143 ramentide
2919 4086 2993 4144 N
3102 4078 3197 4143 ha.
3275 4078 3389 4145 Cui
3504 4081 3635 4144 vidii
3676 4082 3847 4145 etiam
3945 4082 4183 4148 bscribit

893 4162 1033 4225 nihil
1077 4161 1287 4241 pietatis
1324 4158 1637 4221 remanserit
1679 4177 1736 4219 in
1774 4154 2011 4219 sensibus
2029 4154 2216 4234 jovis.
2290 4156 2500 4221 Addit·
2572 4158 2801 4240 parodia
2831 4178 2922 4222 v1.
2969 4104 3046 4223 §a
3140 4176 3296 4222 rum:
3335 4159 3538 4240 Cauffia
3575 4157 3773 4238 duplex
3813 4166 3965 4238 irae,
4022 4182 4055 4222 r
4125 4177 4184 4223 to

893 4260 1008 4321 que
1036 4241 1207 4301 etiam
1233 4236 1366 4298 illud
1390 4256 1458 4299 ex
1482 4235 1591 4297 alio
1617 4234 1785 4297 loco:
1823 4238 1959 4294 Tum
1990 4255 2125 4295 vero
2154 4255 2259 4299 om,
2291 4241 2383 4298 mi.
2409 4242 2495 4298 vi.
2572 4243 2702 4300 Gan
2735 4238 2882 4299 mede
2909 4283 2930 4316 ,
2982 4235 3227 4300 dolebam
3252 4282 3273 4316 ,
3312 4243 3513 4298 Forma
3558 4258 3768 4320 quoque
3806 4237 3974 4300 idaeo
3994 4179 4183 4317 jace

892 4339 1010 4383 con.
1036 4323 1097 4378 in
1124 4322 1196 4393 ig.
1222 4312 1396 4376 Ilium
1456 4309 1535 4386 ό
1564 4316 1766 4373 eximo
1797 4316 1953 4373 verti
1967 4313 2256 4401 Neprrenia
2284 4312 2489 4401 Doia:
2565 4260 2733 4378 vidi
2758 4340 2877 4378 mea
2909 4312 3004 4395 est.
3041 4314 3153 4379 Sed
3182 4313 3322 4377 haec
3349 4314 3438 4375 alii
3467 4312 3724 4376 viderint.

889 4395 1168 4479 quoniam
1224 4391 1335 4470 (ait
1372 4360 1673 4468 fionatus)
1717 4386 2017 4480 constabat
2061 4388 2214 4463 nihils
2243 4409 2359 4479 ejus
2405 4412 2493 4455 re-
2651 4412 2744 4474 34.
2780 4395 3018 4458 TRoAs
3075 4407 3499 4465 iti-:Lemnias
3551 4391 3904 4471 DANAUM,
3938 4409 4184 4472 ivi-Qu:

890 4470 1149 4535 manfiffi:
1278 4467 1329 4532 st
1368 4467 1659 4531 flammas:
1713 4467 1952 4547 ideoque
2000 4466 2138 4528 haec
2176 4469 2492 4550 principalis
2568 4487 2903 4535 mimir-ris
2946 4469 3261 4533 Aeniam.
3300 4468 3483 4547 Sunt,
3518 4470 3713 4548 quiex
3744 4470 4053 4533 Poetarum
4083 4490 4191 4534 ve-

885 4550 1053 4615 fuerit
1077 4568 1181 4613 cau
1230 4567 1290 4609 a:
1328 4567 1471 4627 quae
1496 4548 1663 4610 etiam
1697 4543 1736 4607 fi
1765 4544 1875 4607 sola
1901 4541 2191 4624 existeret,
2227 4546 2341 4610 sola
2363 4544 2490 4631 pos-
2568 4564 2754 4611 terum
2782 4548 3051 4629 exemplis
3086 4546 3344 4631 reliquias
3392 4549 3566 4610 unico
3591 4546 3619 4608 l
3641 4546 3796 4610 redte
3835 4549 4001 4611 scribi
4034 4566 4189 4611 con-

887 4626 968 4691 set
996 4625 1244 4688 adversus
1265 4624 1549 4701 Troianos
1578 4624 1833 4685 animum
1853 4621 2096 4699 Junonis
2127 4642 2376 4702 urguere.
2568 4627 2840 4707 tendant,
2891 4644 2955 4688 ut
2991 4627 3050 4688 in
3096 4626 3251 4689 bona
3295 4624 3569 4688 codicum
3608 4627 3973 4707 antiquorum
4025 4644 4189 4707 parte

961 4723 1057 4784 29.
1092 4704 1247 4766 Nnc
1284 4718 1439 4766 nuni
1478 4714 1702 4764 ETIAM
1733 4716 1983 4762 causas:
2016 4716 2311 4764 manum
2349 4719 2493 4765 sirit-
2571 4722 2839 4769 notatum
2899 4702 3202 4766 invenitur.
3291 4703 3473 4781 Aiunt
3530 4703 3686 4765 enim
3745 4724 3807 4764 re
3858 4704 4199 4785 partimlam

879 4799 1097 4865 vituts
1135 4797 1451 4849 botones
1487 4777 1943 4845 Excinssitanr
1986 4791 2238 4843 mimo.
2280 4779 2495 4862 Super·
2571 4799 2680 4865 pro
2709 4782 3014 4849 communi
3038 4780 3289 4847 habitam
3314 4798 3347 4846 a
3394 4781 3713 4862 veteribus,
3745 4780 4071 4863 hinctapud
4101 4781 4202 4846 0-

3932 4858 4201 4925 vidium:
