4497 5769
869 308 1063 412 184
1264 290 1479 427 J0.
1625 288 2196 380 Pir-:nii
2348 283 3770 383 Cas-rteartonas

854 481 1003 527 num
1029 460 1183 525 idem
1208 455 1277 523 δε
1305 456 1605 521 Falernum
1635 452 1775 517 este:
1809 452 1867 515 id
1894 454 2120 535 nigrum
2146 451 2332 534 potius
2361 449 2460 512 ha·
2534 451 2711 528 bent,
2751 453 2885 512 Non
2907 471 2998 528 ego
3025 462 3081 510 te
3103 449 3204 512 dis.
3243 450 3385 514 Inde
3413 445 3757 519 Alcmanico
3787 472 4124 528 tetrametro
4142 456 4185 488 '²

861 539 1122 618 bebitur,
1156 536 1425 600 Martialis
1445 533 1670 614 elogio,
1692 533 1952 595 dicentis:
1984 536 2307 590 Marmorea
2317 525 2465 610 fun-
2542 525 2620 600 ὠ·
2649 527 2840 608 mensis
2883 549 3002 589 acce
3035 542 3102 588 ta
3131 529 3418 609 ficundis:
3459 533 3772 607 cujusmodi
3815 542 4036 602 numen·
4073 511 4157 604 est

867 620 999 681 dens
1028 625 1186 695 nigra
1226 612 1461 676 Falerna
1502 631 1689 671 manu.
1762 608 1929 670 Nam
1977 606 2312 670 Macrobius
2358 608 2468 683 ait,
2545 605 2972 669 Horatianumi
3011 604 3115 670 ud:
3141 607 3394 690 Ofortes
3412 613 3707 693 pejoraque
3720 614 3902 695 paffi3
3935 637 4009 680 ne
4032 639 4154 682 me-

869 699 1195 758 Ammineos
1222 691 1413 771 fuisse,
1442 691 1539 753 ubi
1566 707 1723 750 nunc
1752 687 2013 748 Falernus
2041 704 2183 767 ager.
2241 683 2472 746 Genus-
2547 683 2736 746 diocri
2783 683 2911 747 stilo
2953 684 3135 747 versus
3177 685 3253 747 ita
3308 684 3635 768 insurgeret:
3673 706 3841 771 atque
3869 696 4028 758 hunc
4056 718 4160 760 nu-

616 783 630 793 ·
750 779 759 784 ’
865 791 983 855 que
1024 774 1156 836 vitis
1208 775 1539 833 Ammineae
1584 767 1815 827 minoris
1843 811 1864 843 ,
1912 764 2082 854 vulgo
2119 762 2473 838 notissimae,
2551 781 2778 824 merum
2810 763 3058 844 agnoscit
3081 760 3325 828 Servius.
3398 764 3686 846 Significat
3724 788 3865 831 vero
3893 791 4022 834 ατη
4048 775 4159 838 effe

870 869 1017 933 quae
1045 850 1392 928 Campaniae
1428 845 1821 908 celeberrimos
1854 840 2074 904 Vesuvii
2101 842 2307 920 colles,
2337 840 2476 903 Sur-
2551 844 2619 904 &
2649 841 2759 902 esui
2781 841 2850 904 &
2879 842 3040 920 potui
3068 841 3323 906 bonam:
3361 840 3470 904 Dis
3498 845 3652 905 enim
3676 845 3969 911 libationes
4000 849 4158 932 fiunt,

870 927 1231 1009 rentinosque
1256 924 1449 1000 vestit,
1482 922 1727 1001 agnoscit
1754 920 2104 982 Columella:
2140 919 2381 999 solasque
2402 920 2476 979 ab
2555 917 2758 981 mensis
2788 937 2929 983 vero
2957 917 3208 982 secundis
3232 920 3301 982 &
3331 938 3510 1003 poma
3554 922 3623 985 &
3666 923 3880 988 fructus
3912 928 3999 990 alii
4025 930 4159 994 infis-

878 1003 1114 1086 antiquis
1138 1025 1165 1066 a
1211 1006 1346 1066 nitas
1369 1002 1680 1065 attestatur:
1720 1000 1786 1061 &
1812 998 1914 1059 suis
1948 1017 2177 1079 quoque
2206 998 2478 1075 tempori-
2511 998 2516 1008 '
2554 1014 2767 1060 runtur.
2901 1061 2904 1064 ,
3651 1031 3652 1036 1
3753 1003 3776 1037 ³

879 1085 989 1147 bus
1020 1102 1117 1146 vet
1213 1080 1411 1143 'flimas
1451 1076 1692 1157 quasque
1733 1078 1920 1140 vineas
1943 1081 2275 1136 Ammineas
2294 1073 2481 1136 existi·
2635 1091 2763 1154 115.
2802 1071 3116 1150 ansque
3145 1092 3388 1139 DoMos.
3460 1074 3530 1140 In
3560 1075 4042 1161 Longobardico,
4066 1084 4163 1147 do-

881 1175 1075 1225 mataa
1150 1156 1463 1222 Caeterum
1506 1155 1761 1236 Virgilius
1799 1153 2081 1216 diversum
2120 1150 2256 1231 quid
2285 1172 2318 1214 a
2349 1151 2485 1213 Ma·-
2558 1174 2678 1214 mus
2708 1170 2900 1233 quarta
2925 1154 3295 1217 declinatione
3324 1154 3552 1234 legitur:
3593 1155 3750 1238 quod
3797 1161 3867 1224 δε
3912 1162 4058 1242 apud
4079 1163 4161 1228 T.

883 1240 1091 1302 crobio
1115 1234 1330 1301 tradere
1356 1236 1803 1311 videtur,quum
1829 1231 2017 1293 sedulo
2035 1229 2334 1312 distinguat
2361 1229 2485 1307 spe-
2561 1230 2796 1294 Livium
2821 1231 2878 1292 in
2903 1233 3139 1311 antiquis
3165 1230 3459 1296 codicibus
3481 1233 3863 1299 observatum.
4171 1259 4174 1260 ⁷

881 1317 1026 1392 cies,
1065 1331 1441 1392 quaternaque
1481 1328 1683 1391 genera
1721 1309 1935 1372 duabus
1972 1309 2486 1389 comparationibus

891 1393 1334 1475 complectatur:
1372 1390 1655 1452 Rboetica
1683 1388 1921 1450 Falernis
1945 1385 2485 1464 conferendo,cum

890 1475 1099 1551 quibus
1124 1489 1312 1533 tamen
1351 1489 1450 1546 ea,
1485 1483 1680 1545 utpote
1719 1465 2020 1543 deteriora,
2058 1467 2295 1526 minime
2339 1482 2487 1525 con-

889 1551 1121 1613 tendere
1158 1550 1431 1624 debeant,
1481 1564 1731 1625 moxque
1777 1551 2131 1604 Ammineum
2168 1543 2486 1638 subjungat,

892 1627 988 1692 cui
1030 1625 1335 1688 Tmolium
1374 1642 1443 1685 ex
1488 1621 1697 1703 Lydia,
1742 1623 1808 1684 ὃ(
1852 1621 2176 1683 Phanaeum
2218 1640 2288 1682 ex
2330 1620 2489 1682 (Ario

892 1722 1223 1782 comparat,
1246 1704 1643 1780 minoremque
1672 1701 1937 1780 Argiten,
1960 1699 2215 1776 quamvis
2241 1699 2380 1759 haec
2406 1700 2491 1759 vi·

895 1783 964 1844 tis
1005 1782 1075 1846 &
1117 1782 1340 1859 liquoris
1380 1782 1572 1859 copia,
1612 1778 1679 1840 δε
1724 1776 2003 1839 vetustatis
2045 1775 2384 1838 firmitudine
2427 1773 2490 1837 fit

890 1845 1126 1922 *caeteris
1159 1857 1427 1919 omnibus
1465 1854 1847 1917 anteferenda:
1879 1855 2155 1936 assurgere
2178 1872 2367 1915 tamen
2408 1855 2493 1914 vi-

895 1955 1039 2002 num
1069 1939 1180 2014 eJ'us
1212 1941 1541 2009 Ammineo,
1578 1936 1757 2012 illique
1834 1934 2037 1994 riorem
2066 1933 2259 1994 locum
2290 1931 2496 1994 cedere

900 2012 1182 2076 asseverat.
1256 2011 1379 2089 Qui
1421 2012 1650 2092 quidem
1696 2011 1734 2072 sl
1774 1952 2106 2086 ffalernum,
2161 2012 2226 2073 &
2274 2016 2494 2071 Ammi-

2561 1385 2586 1448 Ι
2643 1327 2770 1447 1It7.
2819 1307 3189 1449 Sztgtcss-asr·
3239 1327 3534 1447 favam
3585 1331 3813 1376 VIRGA
3845 1313 4172 1404 fiamus.

2713 1406 2894 1525 aa:
2923 1385 3309 1547 ascarii:
3329 1386 3689 1548 :aptata
3702 1392 4171 1550 adanam

2561 1542 2805 1604 dicibus:
2847 1540 3004 1623 quod
3034 1543 3196 1605 multi
3231 1543 3424 1623 fuere,
3500 1546 3554 1608 ui
3595 1549 3706 1606 Tus
3744 1545 4022 1613 Latinum
4063 1551 4174 1616 effi:

2563 1621 2910 1683 vocabulum
2926 1667 2947 1699 ,
2984 1622 3053 1686 &
3079 1639 3110 1682 a
3135 1620 3427 1683 tundendo
3507 1622 3669 1685 &um
3697 1624 3944 1688 voluere.

2649 1716 2778 1767 127.
2836 1699 2996 1838 chuo
3034 1715 3175 1762 Nou
3221 1715 3691 1763 PRAESENTIUS
3752 1718 4020 1778 uuum.
4099 1705 4172 1770 In

2566 1773 2880 1854 longobar
2922 1779 3014 1837 ico
3052 1776 3257 1839 codice
3270 1824 3291 1854 ,
3336 1793 3476 1856 prae
3521 1785 3716 1839 antius
3754 1780 3972 1861 legitur.
4051 1779 4165 1848 Sed

2554 1854 2902 1935 praestatius
2933 1855 3106 1933 magis
3132 1853 3314 1934 placet
3339 1875 3440 1916 eru
3480 1857 3582 1917 itis.
4041 1925 4052 1928 ι

2652 1951 2783 2008 129.
2823 1930 3438 2011 M1scuERuNTQm
3471 1950 3749 1996 nantas.
3782 1932 3854 1996 In
3884 1933 4186 2017 Oblongo.

2569 2012 2842 2093 perveteri
2884 2009 3087 2071 codice
3110 2055 3130 2088 ,
3173 2027 3341 2091 atque
3376 2012 3544 2072 etiarn
3591 2012 3647 2072 in
3697 2010 4166 2094 Longobardico‚

901 2113 1096 2169 neum,
1135 2090 1287 2151 idem
1312 2090 1621 2169 agnovisset
1646 2089 1878 2154 vinum,
1916 2090 2134 2149 nonita
2171 2085 2355 2165 statim
2469 2107 2494 2148 r

870 2170 1349 2246 comparationes
1373 2170 1430 2227 in
1471 2165 1679 2228 diversa
1703 2186 1905 2244 genera
1935 2163 2327 2244 distribuiffet,
2363 2107 2494 2226 ilffid

901 2244 1236 2323 Rhoeticis,
1274 2245 1388 2306 hoc
1431 2241 1622 2319 Chiis,
1657 2244 1725 2305 &
1765 2241 2091 2324 quibusdam
2133 2243 2244 2304 aliis
2286 2243 2497 2305 antefe-

902 2324 1105 2386 rend0.
1157 2323 1301 2385 Sane
1326 2340 1463 2382 vero
1488 2321 1781 2383 Falernum
1812 2319 1867 2380 id
1897 2322 2143 2382 omnino
2167 2320 2314 2397 effe,
2343 2316 2498 2400 quod

902 2401 1081 2481 vulgo
1103 2419 1258 2463 nunc
1272 2397 1564 2461 Graecum
1592 2397 1893 2476 appellant,
1910 2400 2154 2477 plerique
2182 2418 2302 2458 non
2319 2400 2501 2459 ineru-

908 2477 1008 2542 diti
1045 2478 1353 2540 consentire
1392 2476 1663 2539 videntur.
1714 2474 1824 2536 Sed
1862 2496 1968 2536 nos
2006 2475 2145 2537 haec
2171 2476 2315 2553 aliis,
2355 2492 2501 2551 quos

904 2556 1148 2620 intellexi
1181 2556 1471 2635 negotium
1506 2552 1818 2630 hujusmodi
1843 2553 2124 2634 sumpsisse
2143 2551 2501 2633 ,disputanda

902 2634 1310 2712 relinquemus:
1349 2650 1527 2714 quum
1555 2652 1629 2692 eo
1654 2630 1860 2692 solicita
1890 2633 2062 2711 magis
2085 2650 2217 2692 cura
2236 2648 2505 2710 propere-

905 2731 1067 2790 mus,
1104 2726 1165 2773 ut
1200 2726 1457 2771 veterum
1501 2709 1774 2770 codicum
1810 2708 2117 2787 lec‘tionem
2158 2728 2191 2770 a
2226 2711 2502 2770 tinearum

904 2791 1098 2869 injuria
1172 2786 1359 2865 quoad
1390 2785 1507 2848 fieri
1534 2784 1748 2865 potest,
1786 2783 2152 2848 vindicemus,

985 2868 1081 2946 98.
1114 2834 1409 2929 2simoniis.
1440 2880 1529 2927 Er
1564 2878 1900 2927 assuant-r
1938 2880 2182 2943 Qurnus
2223 2876 2315 2926 ετ
2354 2861 2503 2925 Rnx

912 2962 1058 3008 rest:
1088 2943 1427 3005 Priansos,
1480 2940 1548 3003 ln
1580 2942 1813 3022 antiquis
1838 2941 2045 3019 aliquot
2069 2940 2362 3003 codicibus
2386 2960 2506 2999 ma-

913 3042 995 3084 nu
1016 3022 1254 3101 scriptis,
1290 3020 1471 3099 legere
1496 3018 1579 3079 est
1606 3020 1808 3097 absque
1849 3018 1925 3090 ὠ·
1958 3019 2255 3097 particula,
2290 3017 2507 3077 Tmolus

914 3097 1164 3179 adfingit
1193 3097 1405 3181 quibus.
1448 3096 1635 3173 Atque
1661 3099 1733 3156 ita
1762 3097 1981 3158 necesse
2005 3096 2141 3158 esset
2177 3098 2508 3156 continuare

909 3176 1172 3239 ordinem
1195 3174 1561 3236 elocutionis:
1587 3171 1895 3234 firmiffima
1924 3177 2051 3236 vina
2065 3218 2083 3250 ,
2098 3172 2299 3252 quibus
2310 3175 2501 3233 Tiro·

912 3253 999 3316 lus
1041 3251 1308 3332 adsurgit,
1345 3251 1414 3314 &
1453 3249 1585 3312 Rex
1628 3248 1901 3313 PhaneuS.
1973 3250 2086 3313 Sed
2124 3252 2278 3310 enim
2323 3251 2511 3311 obstat

909 3331 1144 3415 syllaba:
1180 3328 1512 3392 ‘l'rochaeus
1536 3347 1601 3388 m
1640 3328 1762 3390 tede
1790 3327 1997 3409 positus
2025 3328 2295 3407 exemplo
2326 3345 2508 3402 caret,

914 3428 1102 3489 neque
1129 3408 1310 3470 cesura
1352 3406 1457 3467 ulla
1498 3405 1792 3482 succurrit,
1826 3425 1967 3486 quae
2006 3424 2388 3466 communem
2428 3406 2513 3464 lo-

916 3505 1057 3547 cum
1088 3484 1276 3547 faciat:
1316 3502 1485 3563 quare
1513 3486 1829 3545 commenti
1855 3484 1979 3545 sunt
2002 3482 2512 3560 Grammatici,&

915 3563 1084 3640 illud,
1123 3579 1387 3643 tanquam
1427 3579 1711 3639 cuneum,
1747 3578 1842 3622 aut
1871 3561 2133 3623 farturam
2166 3561 2404 3638 aliquam
2432 3561 2517 3620 in-

914 3657 1245 3720 terponere,
1273 3657 1414 3720 quae
1440 3638 1657 3699 versum
1686 3636 2001 3715 sustineret,
2037 3639 2126 3699 vel
2167 3638 2515 3700 fatiscentem

916 3717 1065 3780 obsti
1139 3735 1247 3779 ret:
1282 3733 1529 3794 quorum
1569 3733 1756 3777 tamen
1788 3717 2056 3777 omnium
2088 3717 2516 3791 ambiguitatem

920 3794 1066 3857 sustu
1088 3798 1222 3867 eris,
1262 3794 1296 3853 si
1324 3794 1477 3870 quod
1518 3793 1574 3852 in
1624 3790 1932 3868 Medice0,
1969 3794 2036 3854 &
2077 3795 2129 3852 in
2177 3793 2517 3873 Longobar-

920 3872 1056 3935 dico
1084 3870 1386 3933 Vaticanae
1413 3868 1784 3932 bibliothecae
1810 3871 2037 3951 legitur,
2072 3871 2364 3931 admireris.
2427 3868 2517 3930 Ibi

924 3950 1080 4011 enim
1122 3947 1356 4009 Tmolius
1394 3947 1664 4024 adsurgit,
1700 3946 2187 4009 denominativum
2233 3964 2450 4007 nomen
2485 3966 2519 4009 a

922 4024 1109 4087 Tmolo
1149 4025 1411 4086 habetur:
1450 4040 1511 4086 ut
1544 4026 1696 4086 enim
1735 4026 1807 4085 ab
1853 4024 2146 4103 Olympo,
2186 4022 2516 4104 Olympius,

918 4122 956 4166 a
995 4100 1288 4179 Caucaso,
1324 4100 1652 4165 Caucasius:
1689 4103 1761 4163 ita
1785 4121 1815 4163 a
1847 4100 2027 4162 molo
2051 4147 2069 4179 ,
2105 4100 2357 4169 Tmolius.
2439 4100 2518 4163 E-

917 4182 1099 4260 ritque
1134 4178 1279 4242 ordo
1308 4225 1328 4256 ,
1376 4180 1577 4257 quibus
1611 4181 1753 4243 vinis
1790 4178 1922 4241 Rex
1954 4181 2219 4242 Tmolius
2246 4179 2516 4262 adsurgit,

904 4258 991 4331 ,δε
1027 4257 1163 4320 Rex
1199 4255 1469 4321 Phaneus.

954 4354 1132 4398 -101.
1170 4334 1339 4396 NoN
1390 4352 1524 4396 mo
1577 4351 1668 4396 τε
1723 4351 1967 4398 ΜΕΝςῐς
2009 4352 2100 4396 ετ
2138 4333 2294 4398 Dus
2334 4353 2518 4398 acca-

914 4430 1048 4477 PTA
1098 4430 1438 4477 sacuums.
1520 4411 1805 4491 Qamvis
1856 4414 1950 4475 liic
1998 4432 2296 4489 numeruS,
2347 4430 2409 4475 ut
2455 4414 2512 4474 in

2571 2087 2898 2168 mrfiuerant
2923 2087 3149 2166 legitur,
3184 2087 3340 2167 quod
3369 2089 3606 2150 minime
3635 2086 3835 2168 placet.
3903 2089 3972 2152 In
3997 2093 4167 2156 altero

2572 2168 2803 2245 antiquo
2832 2160 3144 2243 mifiuerint
3169 2164 3422 2227 habetur.
3494 2164 3607 2229 Sed
3633 2185 3743 2247 ego
3772 2187 4066 2248 nunquam
4097 2172 4169 2232 le-

2575 2244 2831 2303 ctionem
2877 2243 3119 2322 primam
3169 2262 3194 2303 r
3246 2260 3489 2321 ioerem,
3538 2262 3720 2325 quum
3761 2245 3820 2305 in
3863 2243 4170 2326 Bucolicis,

2575 2321 2878 2381 Tulei-unt:
2915 2322 2983 2384 &
3010 2319 3159 2400 apud

2575 2397 2747 2478 figura
2769 2398 2995 2460 levatur.
4267 2467 4277 2476 ‚

2661 2495 2793 2555 134.
2819 2449 3001 2538 ‘scos
3035 2491 3346 2538 aemma
3389 2491 3637 2539 τεΝΑκ.
3711 2475 3998 2557 Qatn‘vis
4031 2501 4173 2543 non·

2578 2554 2715 2615 nulli
2740 2553 2970 2615 codices
2995 2552 3269 2629 habeant,
3305 2560 3579 2634 apprime,
3752 2559 3792 2617 's
3831 2575 4026 2620 tamen
4063 2561 4171 2639 pla-

2579 2650 2704 2710 cet,
2727 2631 2887 2712 quod
2909 2633 2965 2692 in
2993 2628 3382 2694 vetustioribus
3398 2632 3631 2713 legitur,
3666 2656 3703 2700 a
3801 2640 3961 2695 rima.
4009 2634 4171 2698 Eam-

3254 2319 3531 2383 er'entium
3547 2365 3569 2399 ,
3607 2324 3884 2384 Emerunt
3901 2345 3922 2384 .·
3969 2319 4188 2388 cadem'

2578 2729 2690 2848 {ue
2726 2710 3033 2771 lefflonem
3079 2708 3224 2769 mihi
3268 2709 3486 2770 videtur
3523 2713 3729 2790 agnovi
3778 2731 3811 2772 e
3862 2712 4170 2778 Arusianus,

2636 2806 2656 2847 t
2687 2789 2745 2847 in
2769 2788 3001 2866 antiquo
3015 2785 3272 2847 Terentii
3301 2788 3505 2848 codice
3532 2807 3706 2849 manu
3735 2787 3833 2850 scri
3877 2808 3942 2851 to
3968 2791 4172 2871 legitur,

2581 2870 2730 2926 Meis
2781 2886 2862 2924 me
2914 2860 3158 2924 omnibus
3182 2859 3295 2941 fiio
3334 2861 3432 2944 effi}
3475 2866 3591 2926 Ad
3657 2871 3758 2925 ‘ma
3794 2888 3826 2926 o
3848 2867 4174 2951 sequentem.

2580 2940 2683 3003 Est
2709 2961 2848 3004 vero
2871 2939 3096 3003 Graeca
3124 2938 3295 3020 figura
3332 2961 3453 3003 non
3479 2944 3572 3005 ine
3592 2962 3790 3023 egans,
3827 2944 3910 3001 ἔτί
3946 2946 4017 3001 viz
4044 2949 4171 3017 πρῖν-

2582 3030 2680 3077 v‘a.
2754 3019 3052 3099 Qoniam
3078 3037 3217 3079 vero
3247 3018 3408 3082 multi
3443 3019 3512 3082 ad
3543 3021 3694 3083 hanc
3722 3036 3966 3083 aetatem
4000 3022 4174 3103 quod·

2585 3114 2718 3158 nam
2745 3095 2862 3159 hoc
2889 3095 3103 3158 malum
3148 3095 3237 3172 fit,
3277 3096 3435 3177 quod
3475 3116 3507 3157 a
3547 3097 3780 3236 Viigffio
3826 3098 4175 3181 describitur,

2585 3194 2704 3234 non
2731 3171 2922 3235 -otiose
2954 3191 3255 3255 quaerunt:
3290 3173 3423 3254 quid
3461 3192 3575 3254 ego
3642 3178 3851 3238 entiam
3878 3222 3900 3255 ,
3947 3175 4167 3256 dicam,

2587 3251 2738 3312 bona
2763 3269 2967 3313 eorum
2994 3253 3184 3327 venia,
3219 3252 3312 3330 qui
3339 3252 3492 3312 aliter
3507 3251 3781 3332 J'udicant.
3852 3252 4023 3317 Nam
4050 3254 4174 3317 Me-
4251 3326 4256 3330 .

2586 3328 2777 3391 dicum
2822 3328 3035 3391 malum
3067 3375 3087 3404 ,
3131 3346 3374 3408 pomum
3414 3327 3467 3390 id
3508 3331 3621 3392 esse
3662 3328 3901 3411 Virgilio
3939 3331 4178 3413 videtur,

2588 3404 2743 3484 quod
2774 3407 2950 3486 vulgo
2982 3405 3334 3468 Naranzium
3377 3408 3523 3486 apud
3569 3407 3853 3487 Venetos,
3882 3411 4032 3490 apud
4057 3409 4177 3473 Ro-

2592 3501 2790 3545 manos
2817 3486 2884 3546 &
2915 3482 3245 3563 Campanos
3271 3483 3345 3545 ab
3371 3484 3707 3565 angulorum
3732 3485 4030 3565 densitate,
4102 3491 4181 3551 ui-

2592 3562 2697 3622 bus
2728 3563 2922 3622 succus
2949 3562 3269 3623 intrinsecus
3297 3560 3650 3642 dispescitur,
3687 3564 3745 3625 in
3764 3563 4048 3628 folliculos
4084 3587 4184 3630 uns

2593 3638 2899 3715 collectus,
2952 3639 3391 3717 Malangulum,
3439 3641 3759 3722 appellatur.
3833 3642 3933 3704 Ab
3971 3644 4081 3706 aliis
4124 3649 4180 3707 in

2592 3717 2884 3777 citriorum
2908 3714 3113 3795 species
3139 3732 3460 3797 acceptum.
3535 3716 3710 3780 Hanc
3757 3716 3882 3781 sane
3925 3723 4181 3785 arborem

2594 3794 2662 3854 δε
2686 3792 2999 3867 hujusmodi
3035 3793 3287 3855 fruaestum
3315 3793 3419 3856 Vir
3460 3794 3577 3857 'lius
3643 3797 3817 3877 ingit,
3852 3797 3995 3860 dum
4027 3800 4191 3863 tristis

2592 3870 2789 3957 succos
2809 3887 3135 3957 memorat,
3171 3871 3315 3933 dum
3344 3887 3425 3933 tar
3466 3890 3564 3934 um
3617 3892 3883 3955 aporem,
3917 3875 4056 3938 dum
4087 3877 4200 3941 fen·

2593 3947 3028 4026 tilitatem,dum
3046 3947 3447 4012 medicamenti
3475 3951 3595 4014 vim
3624 3969 3825 4014 contra
3855 3974 4069 4016 venena
4094 3957 4189 4017 ha·

2596 4026 2732 4087 bere
2766 4025 2942 4105 (quod
2971 4047 3003 4089 a
3029 4025 3336 4090 Nicandro
3358 4044 3659 4108 acceptum
3689 4045 3896 4092 mutuo
3957 4031 4096 4094 dum
4124 4033 4200 4109 siff

2594 4102 3050 4167 millimamxesse
3091 4103 3315 4183 Lauro,
3352 4106 3493 4167 dum
3525 4105 3657 4169 folia
3691 4106 3877 4171 indeci
3920 4129 3987 4171 ua
4010 4112 4197 4174 virore

2593 4199 2852 4260 aeterno,
2888 4181 3031 4244 dum
3058 4179 3209 4244 floris
3235 4181 3677 4262 tenacissimam,
3710 4184 3850 4246 dum
3875 4205 4106 4262 gravem
4134 4208 4193 4249 a·

2595 4260 2810 4321 nimam
2838 4260 3142 4322 emendare
3168 4258 3324 4323 dicit.
3398 4259 3529 4323 Ubi
3558 4279 3749 4324 autem
3777 4259 4075 4327 Nicander
4098 4268 4197 4344 ait,

2591 4331 2784 4394 Μῧῶἦι
2821 4344 2868 4415 29*
2905 4331 3178 4403 {mepta-ila
3215 4335 3374 4394 nium
3395 4380 3412 4405 ,
3453 4339 3610 4417 sunt³
3645 4341 3743 4418 qui
3783 4339 3945 4406 μῆλον
3993 4342 4192 4439 legant,

2592 4411 2706 4476 Sed
2734 4416 2889 4475 enim
2919 4412 3193 4494 Interpres
3230 4411 3382 4507 μιῧδξ·
3408 4417 3687 4497 agnoscit:
3725 4416 3793 4477 &
3818 4415 4007 4496 addit,
4035 4442 4103 4476 m
4139 4417 4190 4473 ὃ·

913 4492 1146 4573 vulgatis
1181 4489 1475 4552 codicibus
1506 4489 1770 4567 babetur,
1811 4492 1877 4553 δε
1906 4494 2083 4569 gravis
2120 4491 2216 4568 sit,
2252 4492 2321 4554 ὃς
2342 4491 2512 4553 sono-
2589 4487 2647 4542 ’ἐῢ
2675 4486 2884 4550 Madid-
2911 4492 3092 4559 μιῐίλυ.
3144 4490 3168 4543 2¹
3200 4489 3273 4548 ὅτι
3299 4510 3358 4542 τ·
3386 4491 3657 4567 νεςάυτζων.
3692 4493 3948 4557 diffione
3973 4499 4045 4560 ita
4070 4496 4202 4559 sub·

913 4569 1083 4631 ritatis
1106 4569 1329 4650 plenuS,
1348 4570 1412 4630 ὃ(
1444 4566 1508 4628 ad
1540 4566 1751 4629 heroici
1785 4566 1886 4627 stili
1911 4568 2255 4644 majestatem
2288 4571 2511 4648 propius
2587 4567 2871 4630 barbarice
2896 4566 2992 4630 scri
3058 4586 3120 4645 a,
3154 4585 3274 4648 quo
3307 4565 3572 4632 sententia
3599 4572 3772 4650 magis
3806 4575 4077 4637 omnibus
4113 4577 4197 4636 in-

905 4645 1138 4709 accedat
1157 4672 1190 4737 ς.
1212 4647 1364 4727 plura
1422 4661 1612 4705 tamen
1670 4664 1742 4707 ex
1790 4647 2024 4724 antiquis
2074 4647 2508 4727 exemplaribus,
2584 4646 2910 4708 notesceret.

3073 4645 3245 4708 ndem
3274 4664 3451 4726 porro
3476 4649 3741 4711 arborem
3767 4647 3835 4711 δε
3863 4650 4208 4737 Macrobiusv

776 4812 787 4825 =
901 4742 1047 4807 quae
1086 4723 1356 4806 legimus,
1395 4722 1625 4788 Adonio
1668 4722 1982 4804 praeposito
2024 4741 2270 4791 numero
2305 4723 2381 4788 fic
2407 4722 2510 4789 ha-
2583 4723 2654 4788 &
2685 4720 2898 4789 Plinius
2925 4723 3041 4788 esse
3067 4722 3408 4789 ostendunt:
3447 4745 3623 4808 quam
3658 4728 3836 4791 etiam
3865 4730 4019 4811 apud
4060 4728 4200 4794 Per-

4051 4884 4064 4895 ·
4126 4807 4200 4873 fit
