4497 5769
776 238 969 329 ,η
1394 199 3407 310 P-Vrnor·r.11C151,13x.

1035 359 1353 465 Audax
1418 354 1562 460 ille
1620 355 1983 501 quidem
2013 431 2042 475 ‚
2112 366 2275 497 qui
2344 361 2656 458 mitem
2720 357 3169 456 Cerberon
3238 376 3641 507 unquam

758 537 972 660 370
1040 497 1495 620 Credidit,
1554 533 1715 599 aut
1782 494 1940 596 ulli
2001 504 2231 597 Ditis
2295 490 2732 632 placabile
2769 532 3158 598 numen:
3759 491 3768 500 ’

1046 653 1248 749 Nec
1313 648 1613 741 timuit
1668 633 2279 777 Phlegethonta
2339 630 2774 734 furentem
2841 633 3329 739 ardentibus
3401 648 3705 773 undis,
3789 715 3796 718 -

1046 790 1251 883 Nec
1318 780 1647 880 moesta
1708 776 2076 875 obtentu
2141 771 2335 874 diro
2359 848 2389 892 ‚
2465 791 2558 873 δε
2626 767 3054 918 ferrugine
3121 815 3380 918 regna
3402 858 3437 902 ,

1050 916 1603 1061 Defoffasque
1670 914 1996 1017 domos
2019 990 2049 1035 ,
2121 952 2222 1014 ac
2273 923 2630 1014 Tartara
2698 928 2958 1019 noue
3023 953 3374 1021 cruenta
3509 918 3516 924 ⁸

1049 1055 1365 1188 Obsita
1389 1133 1420 1178 ,
1483 1093 1643 1156 nec
1707 1050 1985 1157 faciles
2068 1061 2299 1154 Ditis
2365 1050 2540 1152 fine
2605 1053 2890 1183 judice
2964 1055 3242 1176 sedes,

778 1247 907 1338 ²7
920 1245 967 1335 5
1038 1197 1345 1342 Judice
1369 1272 1399 1317 ,
1469 1195 1633 1337 qui
1690 1203 1914 1298 vitae
1994 1196 2194 1332 post
2256 1227 2637 1293 mortem
2704 1193 3081 1298 vindicat
3135 1203 3353 1299 adia.

1056 1338 1223 1438 Sed
1290 1334 1642 1438 fortuna
1706 1332 1990 1438 valens
2068 1331 2485 1436 audacem
2554 1329 2865 1435 fecerat
2933 1345 3027 1435 Ο
3137 1334 3319 1437 hea.

1040 1485 1248 1623 jam
1315 1473 1587 1614 rapidi
1658 1477 2053 1592 steterant
2116 1511 2412 1574 amnes
2436 1548 2466 1593 ,
2542 1491 2633 1575 &
2711 1472 2963 1574 turba
3031 1373 3412 1576 {garum

1053 1614 1378 1718 Blanda
1437 1653 1650 1740 voce
1723 1611 2032 1757 sequax
2096 1621 2544 1755 regionem
2605 1611 3014 1715 insederat
3079 1613 3470 1752 O-rpheiz

1035 1764 1419 1902 Jamque
1487 1765 1764 1854 imam
1794 1867 1797 1872 ¹
1822 1752 2077 1857 viridi
2116 1750 2513 1865 ¹radicem
2583 1782 2973 1856 moverat
3031 1751 3196 1855 alte
3295 1859 3302 1864 ,
3435 1863 3440 1864 f

776 1914 983 2029 {²30
1060 1907 1453 2023 Quercus
1517 1892 1850 2012 humo,
1924 1897 2494 2034 steterantque
2558 1927 2906 2009 amnes,
2979 1889 3405 2038 silvaeque
3464 1893 3814 2007 sonorae

1048 2044 1374 2172 Sponte
1447 2033 1585 2134 sua
1645 2070 1948 2166 cantus
2019 2033 2460 2170 rapiebant
2527 2040 2845 2132 cortice
2900 2069 3217 2137 amara.

1054 2175 1468 2276 Labentes
1532 2174 1858 2314 bijuges
1926 2180 2191 2271 etiam
2257 2207 2412 2309 per
2479 2166 2742 2272 fidera
2829 2184 3070 2272 Luna

1055 2310 1363 2440 Preffit
1418 2351 1690 2454 equos
1721 2356 1749 2411 t·
1816 2331 1907 2414 &
1975 2345 2074 2411 ru
2110 2319 2553 2426 ‚currentis
2625 2314 3062 2412 menstrua
3137 2326 3386 2459 virgo

1049 2454 1484 2554 Auditura
1545 2451 1819 2586 lyram
1897 2452 2238 2551 tenuisti
2309 2457 2572 2550 noete
2635 2445 2951 2552 relicta.

764 2609 908 2696 ‚28
929 2631 973 2723 5
1061 2601 1307 2692 Haec
1377 2591 1678 2692 eadem
1754 2598 2050 2728 potuit
2124 2596 2352 2689 Ditis
2422 2623 2509 2689 te
2573 2599 2909 2691 vincere
2981 2602 3358 2724 conjux,

1048 2731 1743 2872 Eurydicemque
1811 2726 2040 2829 ultro
2103 2726 2592 2829 ducendam
2656 2728 3049 2830 redderet
3119 2769 3307 2835 non
3365 2731 3490 2844 fas
3508 2743 3553 2864 ,'

1055 2878 1284 2975 Non
1350 2904 1524 2972 erat
1587 2879 1686 2973 in⁴
1763 2878 2034 2975 vitam
2107 2876 2385 2971 Divae
2450 2865 2874 2973 exorabile
2937 2910 3295 2978 numen.

1047 3006 1211 3111 Illa
1276 3010 1636 3154 quidem
1699 3018 2081 3111 nimium
2122 3020 2463 3123 ‚Manes
2523 3045 2880 3151 experta
2921 3012 3242 3115 severos

1058 3159 1611 3289 Praeceptum
1652 3147 2057 3293 ‘signabat
2118 3155 2330 3249 iter:
2398 3186 2557 3251 nec
2613 3148 2941 3253 rettulit
3003 3161 3235 3255 intus

780 3326 845 3394 ἰ
858 3331 985 3410 90
1061 3298 1485 3409 Lumina,
1555 3328 1715 3407 nec
1781 3298 2058 3392 Divae
2123 3300 2506 3429 corrupit
2577 3293 2938 3394 munera
2994 3287 3330 3395 linouass

1061 3428 1228 3532 Sed
1301 3465 1402 3533 tu
1470 3427 1827 3532 crudelis
1848 3506 1883 3551 ,
1953 3427 2310 3531 crudelis
2375 3464 2474 3531 tu
2537 3441 2865 3574 magis,
2939 3440 3140 3572 Orp
3199 3469 3365 3554 eu,

1057 3567 1376 3671 Oscula
1441 3607 1631 3671 cara
1693 3604 1986 3709 petens
2038 3572 2337 3707 rupisti
2407 3569 2617 3702 juss'a
2680 3583 3109 3674 Deomm.
3229 3625 3262 3689 χ

1052 3714 1398 3849 Dignus
1461 3747 1714 3811 amor
1788 3718 2031 3825 venia
2053 3784 2083 3829 ‚
2218 3745 2530 3811 arvum
2597 3708 2667 3811 fi
2722 3720 3083 3813 Tartara
3153 3708 3489 3817 nossent

1054 3856 1512 3951 Peccatum
1577 3851 2036 3993 ignovisse:
2130 3849 2244 3949 ed
2320 3868 2412 3950 &
2475 3886 2634 3965 vos
2704 3846 2892 3952 sede
2955 3860 3350 3989 priorum
3370 3925 3405 3969 ,

778 4028 974 4123 395
1062 3996 1250 4088 Vos
1315 4023 1606 4090 manet
1673 4001 2081 4092 Heroum
2150 4023 2454 4088 contra
2515 4026 2873 4092 manus:
2940 3989 3080 4092 hic
3149 4010 3241 4094 &
3315 4025 3679 4138 uterque

1046 4125 1486 4229 Aeacides,
1636 4126 1920 4230 Peleus
1980 4164 2368 4269 namque
2388 4201 2420 4249 ,
2496 4148 2588 4231 &
2651 4126 3170 4239 Telamonia
3241 4138 3508 4233 virtus

1049 4275 1204 4382 Per
1273 4265 1547 4370 secura
1580 4261 1863 4411 ⁴patris
1924 4265 2341 4370 laetantur
2409 4277 2771 4370 numina
2813 4346 2846 4391 ‚
2981 4303 3304 4376 uorum

1046 4408 1538 4510 Connubiis
1604 4420 1950 4529 Venus,
2029 4430 2121 4510 &
2195 4418 2461 4509 virtus
2526 4417 2900 4543 injunxit
3019 4419 3426 4514 onorem.'

1041 4554 1317 4652 Hunc
1383 4559 1669 4690 rapuit
1738 4549 2013 4695 striga:
2078 4551 2202 4687 ast
2261 4546 2519 4695 illum
2583 4558 2889 4686 Nereis
2954 4559 3313 4698 arnagit.⁴

3557 4723 3746 4816 300
3818 4683 4046 4829 Affi:

3705 5019 3752 5028 κ
