4497 5769
968 318 1157 404 152
1729 255 2331 370 PIERII
2493 257 3508 363 EPISTOLAss⁴

959 452 1298 535 Romani
1354 447 1719 529 sermonis
1772 447 2172 549 proprietas
2213 472 2232 520 ε
2311 431 2836 519 hereditarium
2891 439 3142 517 Deciis
3162 499 3187 535 ,
3264 462 3402 542 pro
3463 433 3703 526 Patria
3763 442 3839 522 se
3908 448 4232 541 hostibuj

963 565 1351 644 devovere.
1464 561 1629 638 Pari
1684 579 1865 636 vero
1929 556 2371 634 conditione
2423 551 2768 630 Medicea
2824 550 3128 627 Familia
3147 606 3173 647 ,
3208 574 3412 655 ⁸cum
3473 553 3837 662 plerisque
3887 565 4048 642 aliis
4102 575 4238 652 vig..

962 675 1244 752 tutibus
1264 736 1287 771 ,
1326 671 1660 750 laudibus
1715 671 1794 743 ὅ(
1845 666 2262 743 honoribus
2331 657 2677 769 insignita
2714 722 2739 756 ,
2819 677 2987 736 tum
3043 660 3180 736 suo
3213 659 3572 761 'Quodam
3629 667 4085 774 domestico,
4148 705 4228 760 ac

946 787 1311 889 ‘peculiari
1349 804 1564 859 more
1601 777 1886 879 semper
1916 775 2162 853 habita
2199 772 2302 853 est
2338 772 2811 851 celeberrima
2848 826 2872 866 ,
2931 773 3053 846 cui
3102 772 3332 873 longa
3385 767 3548 877 jam
3615 797 3997 860 annorum
4053 785 4230 870 serie

970 895 1355 996 proprium
1374 954 1397 989 ,
1455 891 1738 992 gentile
1774 943 1799 983 ,
1874 911 1959 963 ac
1994 885 2516 980 hereditarium
2572 881 2792 957 fuerit
2830 941 2853 977 ,
2909 879 3164 957 fovere
3206 884 3488 981 literas,
3545 887 3845 987 ingenia
3899 896 4178 996 erigere
4198 947 4225 991 ,

965 1004 1512 1103 disciplinarum
1571 1000 1931 1075 omnium
1983 994 2423 1071 Profeffores
2484 994 2775 1092 optime
2836 993 3261 1089 promereri.
3371 988 3686 1072 Tacebo
3743 1023 3949 1079 nunc
3972 1028 4222 1104 0gene-

961 1111 1219 1189 rosum
1268 1112 1456 1187 illud
1515 1097 2241 1208 magnificentiffime
2296 1102 2724 1180 aedificandi
2778 1098 3098 1214 studium
3127 1115 3154 1179 τ
3186 1125 3344 1203 quo
3383 1122 3509 1200 tu‘,
3546 1129 3705 1205 quo
3759 1106 4084 1213 majores
4123 1120 4231 1196 tui

963 1224 1182 1300 domi
1237 1219 1563 1318 forisque
1623 1240 1853 1317 quam
1906 1219 2133 1315 longe
2210 1216 2501 1312 lateque
2583 1207 2939 1287 diffusum
2998 1211 3097 1287 est
3149 1211 3655 1292 Christianum
3712 1240 4007 1298 nomen
4031 1286 4054 1319 ‚
4108 1245 4228 1307 tot

968 1331 1252 1433 templa
1308 1321 1614 1430 paffim,
1674 1345 1793 1403 tot
1840 1327 2007 1402 loca
2062 1327 2177 1424 pia
2201 1385 2221 1418 ,
2286 1341 2403 1398 tot
2459 1319 2984 1415 bibliothecas,
3041 1322 3350 1424 privatas
3420 1326 3632 1402 aedes
3685 1342 3848 1425 tot,
3923 1335 4231 1416 villashe

961 1443 1211 1519 dicam
1265 1463 1361 1517 an
1419 1431 1699 1515 castella
1756 1454 1872 1511 tot
1894 1497 1917 1532 ,
1964 1426 2378 1534 largiffimis
2431 1423 3023 1527 effufiffimisque
3067 1429 3481 1535 sumptibus
3520 1436 3985 1518 excitavistis:
4043 1468 4234 1544 quae

960 1548 1015 1629 fi
1082 1574 1325 1628 unum
1392 1551 1475 1624 in
1529 1550 1788 1623 locum
1850 1542 2191 1620 contrahi
2267 1541 2552 1643 possent
2570 1604 2592 1639 ,
2673 1532 3290 1639 ampliffimarum
3347 1539 4228 1656 opulentiffimarumque

963 1660 1267 1737 urbium
1290 1713 1313 1754 ‚
1370 1680 1556 1757 quae
1622 1676 1790 1733 toto
1828 1651 1968 1732 fint
2026 1671 2384 1731 terrarum
2439 1651 2623 1729 orbe
2682 1650 3050 1730 maximae
3068 1700 3096 1740 ‚
3174 1655 3725 1754 magnitudines
3775 1657 4014 1738 dubio
4050 1688 4226 1769 pro-

965 1771 1087 1848 cul
1144 1768 1668 1872 exsuperarent.

1064 1873 1306 1982 Hujus
1367 1897 1546 1958 vero
1565 1940 1588 1975 ,
1646 1879 1854 1978 quod
1902 1875 2136 1956 vestro
2172 1876 2443 1978 generi,
2484 1873 2959 1975 praecipuum
3018 1871 3229 1952 fuisse
3307 1873 3631 1952 studium
3696 1874 4220 1976 allevamus,

961 1989 1170 2066 testes
1227 1991 1395 2065 illae
1451 1992 1670 2065 omni
1731 1986 2260 2064 Doetrinarum
2314 2005 2585 2088 genere
2645 1976 3122 2084 politiffimae
3198 1978 3647 2062 Academiae
3704 1989 4220 2092 Florentinae,

960 2101 1043 2175 in
1116 2099 1383 2198 quibus
1472 2098 1792 2178 abolitus
1852 2098 2047 2173 olim
2108 2095 2480 2172 bonarum
2543 2094 2956 2170 Literarum
3022 2091 3372 2196 splendor
3448 2095 3777 2172 nitorem
3834 2100 4221 2199 pristinum

961 2211 1291 2309 coeperit
1379 2230 1738 2309 reparare:
1814 2206 2159 2304 bonaque
2216 2205 2790 2305 Disciplinarum
2863 2225 3025 2305 pars
3060 2257 3088 2298 ,
3175 2226 3368 2303 quae
3443 2220 3880 2306 temporum
3949 2212 4217 2309 injuria

957 2322 1272 2427 perierat
1294 2366 1318 2404 ‚
1378 2316 1525 2396 visa
1582 2313 1669 2393 fit
1699 2315 2143 2394 reviviscere.
2258 2307 2507 2391 Testes
2547 2311 2846 2414 Alberti
2867 2369 2895 2411 ,
2948 2311 3284 2409 Aretini,
3342 2313 3700 2411 Landini,
3757 2317 3953 2416 Pici,
4048 2326 4219 2403 sca.

957 2429 1115 2524 lae,
1174 2429 1443 2523 Ficini,
1503 2414 1892 2522 Politiani,
1953 2423 2340 2520 Beroaldi,
2395 2418 2821 2516 Ambrosii,
2915 2421 3283 2519 zenobii,
3343 2423 3722 2522 Candidi,
3778 2421 4218 2536 Argyrop‘y.

955 2538 1057 2634 li,
1118 2535 1643 2627 Chalcondili,
1700 2534 2069 2630 LascareS,
2151 2526 2486 2619 Musuri3
2564 2535 2642 2607 ὅ(
2697 2534 2827 2632 qui
2868 2529 3006 2608 hos
3055 2534 3251 2609 inter
3281 2533 3544 2611 locum
3580 2557 3748 2612 non
3783 2538 4218 2624 indecenter

969 2645 1238 2722 habeat
1259 2709 1283 2742 ,
1339 2642 1698 2740 Urbanus
1739 2642 1928 2720 mihi
1986 2660 2282 2743 patruus
2319 2689 2344 2730 ‚
2422 2658 2688 2739 totque
2733 2641 2856 2716 alii
2923 2638 3314 2719 Musarum
3370 2643 3719 2722 Proceres
3768 2646 4214 2731 Litterarum

960 2756 1198 2856 gloria
1256 2744 1800 2832 florentiffimi:
1862 2770 1944 2828 ut
1996 2755 2435 2829 innumeros
2494 2753 2676 2828 alios
2747 2752 3112 2830 transeam
3145 2813 3172 2848 ,
3247 2754 3381 2851 qui
3439 2776 3648 2831 nunc
3698 2756 3959 2834 vivunt
3980 2821 4005 2857 ,
4062 2761 4214 2838 ful-s

954 2889 1138 2966 gore
1171 2862 1336 2943 satis
1371 2863 1672 2941 illustres
1729 2860 1863 2943 suo
1878 2917 1904 2959 ,
1960 2864 2089 2963 qui
2130 2862 2336 2942 vestri
2374 2883 2642 2939 ornnes
2677 2863 2964 2963 generis
2994 2859 3366 2941 favoribus
3403 2864 3483 2940 ὅ(
3520 2862 3850 2964 auspiciis
3885 2867 3981 2947 ad
4038 2894 4212 2953 eam

956 2976 1295 3052 nominis
1352 2972 1853 3051 celebritatem
1899 2972 2133 3052 evecti
2189 2971 2378 3049 sunt.
2481 2970 2730 3048 Testes
2786 2988 2906 3048 tot
2955 2973 3316 3048 omnium
3367 2968 3945 3074 Disciplinarum
3993 2984 4208 3060 volu.

958 3084 1168 3161 mina
1190 3146 1211 3181 ‚
1268 3086 1537 3189 partim
1579 3083 1672 3160 ab
1707 3085 2014 3161 interitu
2046 3080 2457 3175 vindicata,
2516 3081 2785 3182 partim
2839 3103 2884 3156 e
2928 3081 3215 3159 Graeco
3250 3083 3333 3158 in
3367 3082 3724 3160 Latinum
3767 3084 4202 3169 sermonem

954 3192 1289 3273 transsata
1308 3257 1331 3292 ,
1387 3195 1655 3295 partim
1693 3191 1917 3270 nostri
1977 3193 2338 3292 temporis
2371 3189 2719 3268 felicitate
2757 3210 2968 3270 novo
3021 3209 3468 3292 argumento
3510 3192 3931 3273 elucubrata
3946 3259 3972 3296 ,
4031 3200 4212 3279 Me-.

957 3302 1179 3380 diceo
1216 3306 1478 3381 omnia
1514 3303 1854 3398 nomini,
1911 3302 2189 3405 gloriae
2230 3326 2317 3381 ac
2355 3300 2763 3378 aeternitati
2799 3319 3240 3405 nuncupata.
4199 3362 4200 3365 a

1065 3415 1192 3490 Sic
1250 3409 1637 3511 Cosmus,
1674 3408 1772 3489 fic
1825 3413 2112 3509 Petrus,
2171 3406 2271 3489 fic
2307 3403 2780 3498 Laurentius,
2838 3407 2938 3488 fic
2989 3411 3212 3488 Lao
3268 3413 3801 3492 Dscmus
3871 3408 4202 3498 Porr'r.

954 3523 1035 3598 Ο
1062 3539 1108 3598 1²
1135 3540 1214 3599 τ.
1295 3523 1388 3600 Μ
1414 3543 1471 3597 A
1495 3542 1568 3601 x.
1624 3522 2012 3624 promeriti
2047 3519 2256 3599 sunt:
2315 3541 2584 3597 omnes
2633 3513 3200 3621 propenfissimo
3259 3524 3342 3602 in
3388 3525 3828 3603 extollendis
3883 3529 4203 3631 ingeniis

804 3710 812 3722 ,
952 3632 1196 3710 studio
1215 3693 1241 3729 ,
1264 3629 1400 3709 nist
1441 3630 1726 3734 semper
1768 3634 1963 3707 inter
2001 3629 2072 3707 se
2108 3630 2564 3707 contendere
2581 3692 2602 3727 ,
2623 3632 2786 3729 quis
2806 3653 3073 3707 eorum
3096 3632 3464 3711 uberiores
3483 3635 4009 3713 Litteratorum
4030 3661 4197 3740 pro-

940 3751 1212 3821 ‘ventus
1251 3737 1742 3844 acquifiviss'et.
1842 3740 1963 3816 Sic
2002 3758 2087 3816 tu
2131 3743 2505 3836 majorum
2560 3756 2870 3817 tuorum
2889 3796 2917 3837 ,
2978 3764 3063 3818 ac
3098 3735 3522 3820 sanffiffimi
3554 3738 4199 3847 probatiffimique

951 3852 1188 3928 fratris
1221 3855 1332 3927 tui
1371 3850 1659 3952 vestigia
1701 3850 1984 3928 secutus
2008 3912 2028 3948 ,
2082 3852 2419 3949 quamvis
2454 3869 2823 3927 tantarum
2860 3873 3110 3926 rerum
3144 3853 3585 3930 incumbant
3624 3856 3951 3955 pondera
3967 3917 3992 3952 ,
4009 3858 4202 3939 dum

947 3961 1261 4062 publicis
1301 3960 1733 4063 privatisque
1786 3957 2103 4036 consiliis
2125 4007 2149 4047 ‚
2203 3982 2349 4059 qua
2401 3961 2688 4037 ratione
2766 3956 2853 4036 fit
2913 3961 3391 4062 Reipublicae
3432 3960 3883 4041 Christianae
3919 3966 4206 4070 prospi-

864 4160 867 4163 Α
947 4069 1303 4146 ciendum
1321 4130 1347 4167 ,
1403 4093 1578 4147 cum
1618 4060 2148 4172 sapientiffimo
2198 4069 2418 4146 fratre
2454 4070 2879 4173 perpendis»,
2936 4074 3015 4148 &
3069 4072 3458 4173 diligenter
3507 4077 3916 4151 examinas:
3971 4098 4202 4175 quae·-

948 4201 1098 4281 que
1154 4179 1476 4281 longum
1521 4177 1693 4256 effer
1732 4200 2202 4276 enumerare,
2257 4181 2546 4279 ingenti
2581 4181 2796 4258 laude
2838 4185 2915 4260 &
2954 4179 3367 4258 honorifica
3417 4184 3773 4260 omnium
3800 4207 4201 4265 commen*

942 4290 1243 4369 datione
1304 4289 1720 4393 pertrafitas:
1781 4310 1943 4367 non
1984 4290 2084 4365 ita
2132 4307 2390 4366 tamen
2442 4313 2483 4365 a
2544 4293 2830 4395 magnis
2883 4293 3027 4373 illis
3081 4294 3400 4393 negotiis
3464 4296 3799 4382 avocari,
3857 4296 4191 4398 urgerive

938 4403 1240 4502 pateris,
1316 4419 1400 4477 ut
1457 4423 1622 4478 non
1679 4401 2028 4495 interim,
2102 4403 2181 4476 &
2230 4400 2322 4475 ad
2365 4399 2643 4494 litera8‚
2707 4405 2785 4477 ὅ(
2841 4402 2936 4476 ad
2991 4404 3290 4502 ingenia
3335 4400 3708 4504 respicias:
3787 4429 3978 4505 quae
4042 4426 4189 4483 tuo

934 4512 1350 4610 patrocinio
1406 4528 1778 4611 protegas,
1838 4514 1915 4583 ὅ(
1973 4512 2194 4585 omni
2250 4509 2490 4586 studio
2550 4510 3007 4587 demerearis.
3067 4514 3437 4614 Quocirca
3456 4566 3479 4607 ‚
3536 4537 3780 4611 quum
3817 4535 3897 4594 te
3956 4516 4192 4593 talem

938 4619 1076 4697 effe
1116 4637 1323 4699 certo
1363 4616 1628 4697 scirem
1647 4678 1669 4715 ,
1725 4619 2015 4720 optime
2066 4619 2390 4722 Virgilio
2429 4621 2660 4701 etiam
2714 4614 2844 4723 ipsi
2907 4620 3339 4701 consultum
3395 4622 3794 4705 existimavi
3808 4685 3836 4725 ,
3891 4619 3952 4703 fi
4005 4647 4206 4727 quae

4119 4755 4208 4813 tn
