4497 5769
864 214 962 316 Β.
1064 220 1927 315 Vrncrrrr
2067 212 3141 332 ΟΛΤᾸιεοι-Α.

679 383 1026 518 Jugum
1088 366 1411 489 uiliffe:
1479 368 1762 487 laeva,
1831 368 2004 477 five
2069 372 2410 475 dextera

693 519 763 594 *
832 525 1250 653 stringere
1311 507 1589 613 mulas
1613 584 1644 630 ,
1712 506 1887 613 sive
1954 546 2435 655 utrumque
2497 556 2916 662 coeperat.
2987 545 2992 552 ’

687 660 1013 795 Neque
1082 650 1253 754 ulla
1325 684 1534 754 vota
1578 647 2111 752 “semitalibus
2180 659 2391 753 Deis
2551 711 2560 721 ·

681 793 857 890 Sibi
942 792 1098 892 esse
1165 792 1392 891 fieta
1409 866 1446 912 ,
1511 825 1868 928 propter
1944 787 2117 892 hoc
2185 792 2752 903 noviffimum

674 941 1021 1032 Paterna
1089 930 1273 1030 lora
1297 1001 1329 1046 ‚
1395 940 2081 1070 proximumque
2147 939 2615 1066 pestinem.

670 1069 835 1169 Sed
898 1069 1102 1170 haec
1174 1075 1410 1205 prius
1476 1065 1760 1187 fuere,
1831 1104 2067 1169 nunc
2139 1068 2509 1171 eburnea
2671 1145 2677 1150 -

667 1207 920 1309 Sedet
991 1247 1097 1308 ue
1164 1207 1401 1325 sede,
1473 1204 1725 1349 (eque
1792 1203 2128 1308 dedicat
2190 1207 2399 1330 tibi,

662 1249 1059 1450 Gemgile
1131 1349 1489 1463 Castor,
1564 1366 1658 1447 &
1696 1341 2126 1452 ‚Gemelle
2184 1349 2590 1449 Castoris.

3501 288 3716 384 ¹45.·

1431 1599 1657 1697 An
1804 1600 2606 1700 Vaniuu.

655 1841 984 1945 Scilicet
1041 1841 1213 1943 hoe
1282 1839 1458 1942 fine
1522 1838 1817 1942 fraude
1839 1914 1872 1958 ,
1943 1848 2156 1941 Vari
2230 1841 2757 1966 dulciffime‚
2826 1847 3162 1958 dicam:

588 2029 597 2038 ·
740 1980 1235 2119 Dispeream
1261 2055 1292 2100 ‚
1361 1976 1521 2080 nifi
1587 2018 1735 2080 me
1800 1978 2171 2118 perdidit
2230 1985 2384 2079 iste
2448 2018 2735 2117 putus,

492 2197 495 2202 ,
658 2129 809 2220 Sin
881 2156 1170 2222 autem
1229 2152 1674 2257 praecepta
1737 2115 2028 2220 vetant
2097 2154 2244 2216 me
2318 2119 2645 2220 dicere:
2717 2122 2955 2245 fitne,

741 2269 963 2361 Non
1038 2259 1352 2396 dicam.
1491 2260 1656 2358 Sed
1723 2295 1866 2357 me
1924 2254 2296 2398 perdidit
2360 2261 2513 2357 iste
2577 2297 2817 2398 puer.

884 2509 1115 2608 An
1258 2495 1996 2609 v'rr'LAM
2132 2516 3125 2620 Sernonxs.

643 2751 1015 2873 villula,
1083 2794 1315 2897 quae
1378 2761 1749 2855 Scironis
1816 2790 2037 2872 eraS,
2110 2771 2202 2853 δε
2279 2788 2603 2893 pauper
2666 2757 2981 2897 agelle,

729 2906 1067 2996 Verum
1133 2894 1253 2994 illi
1324 2895 1713 2996 domino·
1769 2925 1866 2993 tu
1935 2930 2302 3036 quoque
2369 2896 2752 2998 divitiae:

598 3044 805 3135 ‘Me
876 3035 1088 3150 tibi,
1164 3053 1257 3134 &
1329 3034 1486 3135 hos
1560 3070 1732 3134 una
1802 3066 2213 3149 mecum,
2286 3070 2508 3172 quos
2565 3033 2899 3172 semper
2976 3054 3310 3171 amavi,

724 3183 810 3272 Si
875 3171 1090 3314 quid
1163 3172 1273 3272 de
1342 3180 1616 3311 patria
1679 3173 1990 3272 tristius
2056 3170 2462 3293 audiero,

612 3306 1259 3429 ‘Commendm
1329 3322 1422 3411 in
1486 3309 1952 3453 primisque
2012 3344 2376 3444 patrem.
2422 3394 2426 3403 .
2516 3317 2667 3414 Tu
2731 3352 2966 3416 nunc
3025 3329 3178 3421 eris
3246 3323 3365 3429 illi
3385 3403 3418 3446 ,

721 3459 1091 3551 Mantua
1153 3450 1400 3593 quod
1462 3447 1787 3568 fuerat,
1860 3448 2286 3589 quodqw
2351 3460 2795 3554 Cremona
2854 3465 3114 3592 prius.

749 3620 753 3625 «
1960 3594 2013 3651 *

635 3707 909 3799 Pauca
960 3697 1171 3798 mihi
1194 3775 1223 3817 ‚
1292 3711 1548 3800 niveo
1613 3696 1752 3797 sed
1813 3733 1999 3790 non
2066 3703 2506 3830 incognita
2569 3698 2916 3797 Phoebo
2937 3773 2967 3816 ,

718 3850 990 3938 Pauca
1057 3837 1273 3939 mihi
1343 3837 1648 3936 dodtae
1672 3904 1703 3950 ,
1771 3830 2027 3932 dicite
2047 3902 2079 3947 ‚
2149 3829 2606 3968 Pegasides.
2667 3948 2677 3957 ,

626 3980 940 4076 vietor
1002 3976 1233 4076 adest
1297 3984 1596 4114 magni
1657 4006 2085 4112 magnum
2151 3968 2407 4069 decus
2473 4012 2668 4072 ecce
2734 3977 3180 4116 triumphi.

719 4120 1034 4214 Vicitor
1101 4150 1281 4254 qua
1360 4147 1620 4212 terrae
1645 4184 1675 4228 ‚
1745 4149 2095 4253 quaque
2157 4144 2455 4244 patent
2518 4118 2839 4245 maria:

624 4249 1011 4350 Horrida
1074 4252 1561 4351 Barbaricae
1634 4286 1984 4389 portans
2050 4249 2406 4388 infignia
2473 4266 2864 4392 pugnae,

718 4400 1099 4529 Magnus
1166 4425 1267 4493 ut
1340 4390 1725 4493 Oenides
1747 4464 1778 4507 ,
1852 4423 2125 4531 utque
2183 4389 2579 4526 superbus
2645 4401 2893 4523 Eryx.

633 4539 835 4633 Nec
905 4540 1196 4634 minus
1259 4530 1581 4635 idcirco
1643 4531 1978 4632 nostros
2045 4564 2543 4668 expromere
2605 4566 2899 4633 cantus
3193 4660 3208 4676 .
3413 4556 3456 4567 ⁹
3719 4580 3760 4617 x

717 4673 867 4733 Tm.
893 4673 1000 4739 W.
2031 4676 2121 4770 Τ
3424 4680 3537 4778 M
3539 4714 3629 4776 a-
