4497 5769
738 325 935 416 tn
1360 274 2561 400 P.1‚Yxrte‘1r.11
2707 279 3388 418 Cutxx..

1007 467 1212 607 Jam
1244 535 1247 536 f
1278 471 1629 582 mernor
1684 455 2147 585 'inceptum
2214 477 2623 586 peragens
2688 437 2853 545 fibi
2916 481 3119 545 cura
3184 443 3581 553 laborem

1030 594 1580 737 Congestum
1648 583 2127 690 cumulavit
2193 620 2420 723 opus
2444 659 2476 705 ,
2546 617 2811 727 atque
2874 621 3181 728 aggere
3246 586 3541 693 multo

771 798 811 885 3
836 790 951 882 95
1037 733 1409 841 Telluris
1466 727 1868 846 ,tumulus
1933 722 2422 827 formatum
2488 734 2756 827 crevit
2819 735 2915 826 in
2978 720 3347 830 orbern:

1040 890 1346 1007 Qem
1408 880 1738 973 circum
1806 865 2187 1006 lapidem
2254 863 2423 967 levi
2487 865 2598 967 de
2661 903 3098 968 marmore
3161 866 3550 970 formans

1043 1012 1437 1119 Constrit
1503 1007 1871 1114 affiduae
1936 1044 2191 1108 curae
2257 1044 2634 1112 memor.
2779 1019 2962 1140 Hic
3014 1025 3125 1111 ’δε
3192 1010 3656 1134 ειεαηὼιιε,

1050 1168 1165 1259 Et
1232 1151 1413 1254 rosa
1477 1186 1919 1290 purpureo
1986 1145 2275 1251 crescit
2338 1148 2817 1252 rubicunda
2880 1146 3173 1251 colore
3196 1224 3228 1270 ,

1060 1308 1176 1398 Et
1235 1293 1512 1399 violae
1576 1329 1846 1393 omne
1900 1326 2227 1432 genus:
2297 1285 2435 1391 hic
2498 1283 2622 1391 est
2689 1311 2783 1395 δι
2845 1299 3219 1429 Spartica
3290 1326 3627 1427 myrtus
3647 1363 3683 1412 ‚

785 1489 986 1578 400
1061 1445 1365 1580 Atque
1425 1431 1979 1567 hyacinthus:
2053 1450 2146 1535 δε
2223 1426 2361 1530 hic
2439 1427 2697 1534 Cilici
2757 1470 3057 1534 crocus
3122 1431 3401 1534 editus
3471 1466 3741 1556 arvo,

1059 1590 1389 1702 Laurus
1453 1585 1664 1676 item
1735 1569 2055 1674 Phoebi
2121 1569 2464 1712 surgens
2529 1569 2843 1676 decust
2912 1571 3055 1674 hic
3117 1572 3507 1678 rhododa

1064 1717 1450 1861 Liliaque
1472 1791 1502 1836 ‚
1576 1735 1670 1817 &
1738 1725 1950 1815 roris
2016 1749 2202 1814 non
2266 1722 2456 1814 avia
2522 1752 2726 1815 cura
2789 1722 3157 1834 marini,

1063 1862 1541 2000 Herbaque
1611 1856 1875 1958 thuris
1940 1890 2149 1991 opes
2213 1851 2495 1991 priscis
2560 1849 2896 1958 imitata
2964 1857 3275 1957 Sabina
3294 1923 3346 1976 ,ἱ

1071 1993 1816 2141 (Ξῑπγίέιῡὼιιίῂυε
1838 2071 1868 2120 ‚
1940 1995 2412 2136 ederaeque
2475 2005 2708 2099 nitor
2727 2066 2759 2115 ,
2826 1991 3193 2134 pallente
3257 1991 3685 2131 corymbo
3705 2068 3740 2116 ,

801 2190 986 2284 405
1077 2150 1192 2243 Et
1256 2134 1645 2241 Bocchus
1714 2139 2030 2278 Libyae
2097 2144 2360 2277 Regis
2428 2173 2828 2240 memor:
2895 2136 3036 2240 hic
3102 2135 3706 2259 amaranthus,

1071 2277 1871 2422 Buphthalmusque
1938 2284 2267 2395 virens,
2342 2293 2434 2375 &
2503 2276 2831 2417 stmper
2894 2277 3200 2380 florida
3263 2289 3545 2415 pinus,

1075 2431 1305 2526 Non
1372 2417 1605 2519 illinc
1671 2415 2108 2519 Narciss'us
2173 2418 2458 2519 abest:
2529 2430 2690 2520 cui.
2735 2415 3010 2560 gloria
3071 2415 3408 2521 formae

1071 2575 1286 2705 Igne
1353 2557 1860 2698 Cupidineo
1919 2566 2317 2695 proprios
2379 2557 2682 2662 exarsit
2741 2565 2840 2661 in
2901 2593 3134 2661 artus
3151 2629 3185 2680 ,

1077 2710 1197 2804 Et
1260 2697 1864 2844 quoscumque
1926 2733 2261 2801 novant
2323 2708 2763 2804 vernantia
2827 2733 3225 2838 tempora
3286 2695 3567 2802 floret.

819 2888 933 2976 4¹
958 2887 1015 2950 o
1088 2847 1260 2944 His
1318 2840 1714 2943 tumulus
1780 2838 2024 2981 super
2086 2838 2520 2944 inseritur:
2588 2875 2788 2945 tum
2850 2839 3139 2944 fronte
3198 2839 3533 2945 locatur

1089 2977 1504 3123 Elogium
1528 3056 1561 3105 ‚
1632 2989 1889 3084 tacita
1948 2977 2275 3086 format
2337 2981 2587 3126 quod
2655 2981 2892 3087 litera
2954 3022 3169 3086 voce
3193 3028 3222 3083 ε

1088 3135 1361 3223 Parve
1425 3124 1664 3237 Culex
1682 3192 1718 3242 ,
1771 3127 2141 3261 pecudun
2182 3127 2450 3259 custos
2471 3196 2503 3242 ,
2570 3125 2721 3226 tibi
2774 3129 2936 3227 tale
2997 3133 3319 3232 menti

1095 3272 1420 3407 fimetis
1482 3261 1809 3405 qfficiun
1869 3271 2103 3367 ‘vitae
2150 3295 2302 3401 pro
2364 3302 2669 3373 'unere
2732 3266 3018 3370 reddit.

3609 4819 3709 4912 P.
3778 4815 4112 4922 VIR·
