4497 5769
993 271 1583 392 PJE‘R-II
1719 272 2779 398 EPI'STOL„,A3.T
3342 335 3515 420 ¹5¹

258 457 430 537 vitio
470 469 844 533 verterent
870 513 894 549 ,
944 451 1244 553 perinde
1286 473 1368 523 ae
1406 445 1458 525 si
1512 449 1778 525 omnia
1820 449 2358 541 confudiffem:
2419 479 2663 555 neque
2717 483 2757 533 a
2797 455 3237 555 lestioni-bus
3273 493 3527 547 emen·

258 569 430 643 datis
492 563 798 641 discreta
852 565 1030 641 vitia
1112 559 1632 637 subtraxiss'em.
1762 559 1985 637 Nihil
2055 567 2264 637 enim
2337 587 2501 641 non
2577 567 3133 649 observaveram
3171 639 3195 673 ,
3275 585 3525 677 quod,

258 693 336 755 ut
376 693 711 753 aetatum
754 697 944 774 pene
1002 673 1358 747 omnium
1418 669 1694 749 diversa
1736 669 1876 745 fuit
1940 673 2303 771 loquendi
2343 679 2571 773 ratio,
2627 683 2747 755 vel
2797 683 3131 781 sensum,
3191 690 3303 763 vel
3347 691 3515 765 scri·

254 789 600 889 ptionem
658 787 872 861 aliam
936 781 1028 859 ab
1080 804 1204 875 ea,
1263 803 1454 881 quae
1506 783 1588 857 in
1652 783 1962 881 vulgatis
2021 781 2331 859 habetur
2387 791 2965 889 exemplaribus,
3017 819 3195 897 prae·
3243 795 3317 873 se
3375 799 3521 877 fer-

254 915 384 979 ret.
500 899 696 973 Hinc
756 915 902 993 ego
956 891 1252 969 coastus
1314 891 1478 967 sum
1516 955 1540 987 ‚,
1618 909 1700 967 ut
1764 891 2389 971 existimationem
2453 921 2703 975 meam
2741 951 2763 987 ‚
2839 921 3025 1001 quae
3087 907 3187 981 ita
3241 929 3391 985 erat
3433 915 3517 989 in

256 1007 580 1101 dai-nno,
636 1005 728 1081 ab
782 1005 1048 1095 injuria
1098 1001 1598 1097 vindicarem,
1654 1025 1962 1097 eorum,
2021 1029 2209 1101 quae
2266 1007 2583 1103 plutima
2639 1013 2863 1109 paulo
2917 1015 3203 1115 sequius
3243 1041 3285 1093 a
3337 1043 3520 1097 con-

251 1117 632 1191 suetudine
710 1113 982 1212 absque
1060 1115 1280 1189 ullius
1332 1113 1772 1191 auctoritatis
1846 1117 2335 1190 munimento
2397 1137 2675 1193 exarata
2731 1121 3021 1199 fuerant
3050 1187 3069 1217 ‚
3145 1131 3519 1209 rationem

250 1229 618 1323 aliquam,
674 1243 798 1301 aut
856 1249 945 1299 ex
1020 1241 1358 1301 veterum
1412 1221 1898 1321 scriptionum
1950 1221 2127 1321 usu,
2205 1243 2329 1299 aut
2385 1249 2473 1301 ex
2531 1229 2859 1328 pluribus
2937 1235 3209 1309 eodem
3267 1261 3515 1317 exem-

248 1337 380 1435 plo
438 1335 814 1411 codicibus
872 1333 1452 1433 antiquioribuS,
1508 1351 1630 1407 aut
1686 1357 1772 1409 ex
1834 1335 2109 1433 recepti
2167 1331 2573 1437 cujuspiam
2627 1337 2991 1439 scriptoris
3043 1345 3513 1445 auctoritate,

252 1449 844 1545 Interpretumve
900 1465 1024 1521 aut
1104 1443 1788 1519 Grammaticorum
1862 1445 2429 1545 diligentiorum
2503 1455 3017 1550 praeceptione
3101 1455 3509 1547 subjicere:

248 1557 556 1653 quando
610 1555 750 1631 hos
806 1559 908 1631 ita
966 1555 1309 1633 videbam
1366 1549 1667 1629 affectos
1710 1607 1736 1649 ‚
1806 1571 1890 1627 ut
1953 1555 2127 1633 vitia
2181 1557 2569 1653 quaedam
2649 1565 2951 1659 turpiter
3023 1585 3311 1665 recepta
3385 1571 3515 1643 ali-

242 1684 535 1763 quanto
596 1667 876 1765 turpius
938 1665 1192 1743 fovere
1246 1661 1818 1763 perseverarent:
1897 1687 2143 1761 neque
2203 1687 2349 1765 ego
2409 1687 2565 1743 tarn
2625 1673 2862 1745 multa
2923 1691 3091 1748 toto
3147 1697 3367 1775 opere
3417 1679 3533 1755 la·-

246 1775 610 1851 befastata
650 1837 674 1871 ‚
752 1777 834 1853 in
886 1799 1100 1849 meae
1168 1773 1592 1875 praesertim
1648 1775 1970 1847 nationis
2027 1777 2231 1867 cive,
2291 1777 2711 1877 Venerique
2781 1783 3059 1881 ingenii
3121 1789 3509 1863 columine

242 1883 437 1961 ferre
502 1884 824 1985 possem:
879 1903 1162 1985 utpote
1210 1885 1336 1980 qui
1402 1905 1564 1957 non
1622 1899 1920 1967 tantum
1976 1881 2402 1961 subditicios
2459 1887 2733 1965 vet-sus‘
2761 1893 2837 1965 ὅ(
2903 1895 3138 1967 aliena
3195 1897 3513 1973 voeabu-

234 1997 352 2081 la,
414 2019 680 2073 vetum
734 1995 1078 2095 pleraque
1136 1995 1404 2085 etiam,
1462 2013 1650 2089 quae
1710 1993 1790 2067 in
1839 1991 2131 2069 honore
2191 1985 2461 2093 passim
2525 1995 3005 2096 haberentur,
3063 2003 3467 2081 adulterina
3491 2069 3515 2101 ‚

242 2103 490 2181 dubio
552 2107 812 2205 procul
864 2125 1120 2179 earum
1176 2103 1548 2179 tinearum
1600 2101 1884 2179 indicio
1946 2101 2601 2203 deprehendissem.
2709 2109 2889 2209 Quo
2947 2115 3135 2187 circa
3185 2137 3347 2191 non
3409 2135 3521 2191 te-

236 2237 458 2291 mere
518 2211 821 2289 forsitan
874 2215 954 2289 in
990 2213 1194 2313 spem
1232 2233 1396 2285 eam
1442 2209 1716 2287 erectus
1758 2211 1964 2307 sum,
2025 2213 2187 2289 fore
2225 2213 2401 2289 hinc
2439 2235 2743 2293 cautum
2779 2221 2863 2295 in
2899 2221 3309 2319 posterum:
3371 2249 3467 2301 ne
3491 2287 3517 2321 ‚

238 2347 434 2425 quae
496 2323 848 2401 haetenus
900 2323 1556 2421 coinquinamenta
1616 2323 1696 2397 in
1750 2343 2023 2399 omnes
2077 2323 2231 2417 jam
2289 2325 2585 2423 paginas
2637 2327 2979 2429 irrepsere
3015 2393 3039 2425 ,
3099 2337 3523 2433 proserpant

246 2425 568 2511 ulterius
628 2463 646 2509 ε
744 2457 972 2527 neve,
1028 2455 1216 2531 quae
1272 2449 1432 2505 tam
1480 2432 1764 2507 multae
1814 2421 2083 2533 pasfim
2143 2431 2609 2511 inhaeserunt
2669 2437 2907 2533 labeS,
2967 2440 3099 2515 ubi
3159 2443 3257 2517 ita
3299 2443 3525 2519 fuerit

240 2563 603 2623 veterum
658 2545 1008 2619 codicum
1064 2543 1474 2617 examinata
1512 2539 1776 2635 lestio,
1834 2541 2271 2642 pertinacius
2305 2543 2735 2623 inolescant.

354 2656 522 2730 Has
596 2658 844 2752 itaque
904 2652 1436 2750 castigationes
1486 2672 1710 2746 cum,
1744 2650 2103 2728 omnibus
2159 2650 2271 2728 his
2327 2648 2585 2730 cauffis
2645 2656 2999 2756 impulsus
3041 2720 3065 2754 ,
3141 2662 3525 2758 aliquanto

236 2764 636 2841 uberiores
704 2762 1174 2852 reddidiffem
1208 2808 1235 2850 ‚
1312 2760 1923 2862 optimorumque
1999 2760 2385 2838 austorum
2461 2760 2815 2862 praesidio
2871 2766 3261 2846 firmassem
3303 2832 3325 2864 ,
3403 2796 3525 2846 cu-

240 2898 530 2972 raeque
592 2876 924 2972 precium
972 2872 1142 2950 fore·
1216 2892 1382 2946 non
1432 2890 1714 2948 temere
1770 2868 2075 2948 forsitan
2135 2872 2657 2970 existimarem,
2715 2872 2770 2950 fi
2826 2880 3181 2954 omnium
3225 2882 3525 2956 utilitati

234 2984 848 3084 publicarentur,
904 2974 1366 3058 tutiffimum*
1396 2980 1590 3058 fastu
1630 2980 1912 3076 visum,
1968 3004 2085 3056 eas
2115 2984 2439 3064 ,nomini
2489 3002 2625 3058 tuo
2641 3032 2667 3078 ÷,
2713 2984 2925 3062 Pater
2971 2990 3297 3088 optime,
3341 3012 3521 3066 con-

236 3092 540 3170 secrare
582 3122 598 3170 :
680 3112 762 3168 ut
834 3094 1138 3188 alicujus
1190 3110 1352 3167 tam
1406 3090 1640 3191 probs
1679 3114 1908 3188 quam
1972 3088 2313 3192 sapientis
2369 3094 2721 3196 Principis
2773 3170 2779 3172 ,
2791 3094 3141 3194 praesidio
3203 3100 3523 3174 eircum-

234 3312 640 3412 postcrum
696 3330 1202 3412 exponeretur.
1312 3310 1544 3412 Qiod
1586 3312 1892 3410 quidem
1918 3364 1944 3404 ‚
2001 3328 2086 3386 ut
2126 3312 2315 3388 mihi
2369 3312 2701 3414 polliceri
2751 3316 3149 3414 auderem,
3203 3316 3357 3418 spes
3393 3320 3521 3397 illa

238 3418 684 3514 affulserat,
740 3420 946 3516 quod
1002 3420 1258 3496 multis
1296 3418 1570 3496 abhinc
1628 3422 1838 3496 annis
1888 3420 2245 3496 Mediceo
2303 3422 2640 3522 sanguini
2697 3428 3119 3526 proprium,
3201 3432 3277 3504 δ(
3335 3450 3525 3526 quo·-

234 3522 698 3608 dammodo
734 3528 1096 3628 peculiare
1128 3528 1312 3624 fuit,
1374 3528 1744 3606 bonarum
1786 3530 2199 3606 Literarum
2241 3528 2589 3632 suscipere
2629 3536 3147 3632 patrocinium.
3263 3538 3473 3612 Nam
3495 3582 3519 3622 ‚

234 3634 390 3720 five
450 3640 620 3716 hoe
678 3636 878 3732 fato,
922 3634 1066 3716 five
1118 3640 1366 3717 divina
1422 3638 1744 3736 quadam
1804 3638 2267 3740 providentia
2309 3640 2477 3718 fiat:
2533 3640 3005 3718 observatum
3047 3644 3145 3718 est
3184 3646 3521 3720 Familias

117 3828 125 3836 ,
230 3748 622 3848 quasdam
662 3748 818 3822 aliis
854 3750 1024 3822 alias
1056 3748 1389 3824 moribus
1444 3748 1838 3846 praeditas,
1894 3748 2039 3820 alia
2097 3764 2317 3842 atque
2375 3752 2515 3824 alia
2571 3748 2701 3824 fibi
2741 3754 3041 3850 negotia
3082 3752 3311 3828 veluti
3352 3752 3523 3830 hae-

230 3860 600 3936 reditaria
653 3856 1062 3932 vindicasse.
1115 3858 1310 3934 Non
1348 3856 1548 3930 secus
1594 3856 1804 3930 enim
1844 3876 1928 3932 ac
1968 3852 2285 3930 diversae
2323 3856 2699 3935 arboribus
2733 3862 3045 3958 patriae:
3103 3860 3256 3936 sola
3315 3864 3522 3938 India

232 3972 576 4070 nigrum
646 3966 788 4042 ,fert
836 3964 1264 4060 hebenum,
1322 3962 1492 4038 solis
1548 3962 1644 4040 est
1694 3982 1898 4040 turea
1954 3966 2157 4064 virga
2221 3964 2545 4042 Sabaeis:
2619 3970 3129 4068 experimento
3189 3994 3523 4070 comper-

230 4096 420 4154 tum
490 4076 605 4154 est
660 4074 832 4152 huic
868 4078 984 4154 vel
1050 4076 1160 4150 illi
1222 4074 1632 4150 hominum
1688 4074 1942 4174 generi
1989 4074 2349 4178 peculiare
2411 4074 2663 4152 nescio
2735 4078 2915 4176 quid
2971 4096 3228 4156 natura
3289 4082 3527 4156 inole-

228 4188 422 4266 uiffe
446 4214 472 4264 t
568 4202 657 4262 ut
710 4188 1140 4284 quicunque
1210 4186 1386 4260 inde
1450 4204 1989 4286 propagentur,
2061 4184 2159 4260 ad
2215 4184 2417 4262 idem
2477 4208 2793 4282 munus,
2849 4190 2929 4260 in
2984 4212 3141 4286 quo
3195 4210 3528 4290 parentes

224 4300 356 4376 vel
432 4300 772 4390 majores
838 4298 958 4370 alii
1026 4320 1320 4372 nomen
1408 4296 1484 4368 δε
1544 4296 1860 4394 gloriam
1950 4290 2085 4370 sibi
2137 4298 2627 4396 compararint
2669 4344 2693 4382 ‚
2773 4298 3097 4374 maxime
3169 4306 3529 4378 omnium

224 4406 516 4484 idonei
562 4408 1000 4506 plerumque
1042 4410 1506 4506 reperiantur.
1571 4406 1830 4484 Veluti,
1868 4404 2305 4504 Scipionum
2353 4404 2677 4482 familiae
2723 4408 3223 4506 expeditiones
3279 4412 3357 4484 in
3417 4410 3529 4484 A-

224 4517 522 4594 fricam
588 4518 918 4618 propriae
997 4516 1294 4592 fuerunt
1342 4544 1358 4590 :
1422 4514 1852 4590 Curionum
1914 4518 2121 4614 genti
2195 4518 2553 4614 peculiare
2623 4517 2943 4594 studium
2993 4520 3527 4616 Eloquentiae:

220 4628 580 4732 gentilia
608 4628 938 4708 Metellis
996 4628 1458 4730 cognomina
1510 4650 1598 4706 ex
1656 4624 2048 4712 Victoriis:
2125 4622 2521 4710 domestica
2559 4626 3069 4711 Gracchorum
3133 4626 3469 4818 sanguffi
3489 4686 3528 4722 ‚

232 4767 239 4770 -
288 4804 292 4808 ,
3413 4758 3509 4814 o-

1793 4971 1825 4997 Ι

3577 5514 3597 5529 ,ψ
