4497 5769
710 304 950 392 *140
1409 250 3344 356 P.V11tc11.11C11txs.

1026 422 1373 517 Omnia
1439 426 1601 560 qui
1662 424 2033 554 imperio
2098 448 2518 517 tetrarum
2581 408 2854 514 millia
2916 405 3239 533 versatg

1044 567 1555 659 Conmotus
1621 555 1882 658 talem
1952 553 2064 657 ad
2127 565 2496 690 Superos
2560 549 2915 657 volitare
2976 550 3415 686 puellam,

1046 706 1293 795 Cum
1362 731 1602 834 patei·
1665 702 2086 800 minatus
2150 729 2394 793 caeca
2458 689 2611 791 sub
2680 699 2941 792 noete
3003 685 3351 810 lateret,

1046 832 1181 936 Illi
1242 870 1405 970 pro
1470 843 1780 973 pietate
1838 831 1982 935 sua
2055 852 2294 955 (nam
2357 829 2590 968 saepe
2653 836 2977 968 tepenti

788 1027 907 1116 5²
925 1025 968 1115 5
1054 984 1485 1111 Sanguine
1553 1008 2004 1076 taurorum
2067 967 2417 1108 supplex
2488 966 2956 1107 resperserat
3016 1009 3259 1074 atas:a

1053 1123 1343 1248 Saepe.
1378 1123 1680 1213 Deum
1750 1112 1992 1253 largo
2054 1108 2489 1211 decorarat
2554 1145 2912 1210 munere
2974 1111 3254 1226 sedes).
3337 1161 3342 1170 .

1054 1249 1468 1364 Reddidit
1530 1286 1923 1389 optatam
1991 1283 2337 1349 mutato
2401 1282 2762 1385 corpore
2826 1257 3089 1352 vitam
3116 1321 3184 1382 ,-

1066 1398 1292 1489 Fecit
1360 1410 1453 1493 δε
1521 1398 1617 1490 in
1680 1401 1914 1491 terris
1979 1386 2467 1490 Haliaeetus
2530 1388 2695 1488 ales
2759 1422 2857 1488 ut
2921 1392 3141 1492 effet.

1058 1537 1421 1668 Quippe
1480 1527 1787 1674 aquilis
1844 1527 2176 1664 semper
2237 1524 2555 1666 gaudet
2618 1536 2862 1626 Deus
2929 1526 3070 1629 ille
3133 1527 3552 1630 coruscus.

789 1710 984 1805 530
1058 1679 1571 1778 Huic„veto
1635 1665 2028 1789 miserae,
2099 1676 2524 1807 quoniam
2590 1668 2999 1769 damnata
3063 1676 3469 1769 Deorum

1042 1807 1392 1954 Judicio
1452 1818 1869 1951 gnatique
1935 1826 2028 1909 δε
2096 1813 2488 1947 conjugis
2551 1842 2749 1907 ante
2813 1805 3086 1907 fuiffit't
3106 1879 3141 1926 ‚

1055 1942 1343 2048 infesti
1407 1946 1973 2091 adposuitque
2037 1942 2348 2046 odium
2415 1943 2753 2046 crudele
2816 1956 3211 2083 parentis,

988 2133 991 2140 ·
1053 2094 1481 2226 Namque
1547 2122 1645 2188 ut
1707 2097 1803 2187 in
1869 2083 2241 2186 aetherio
2305 2080 2753 2224 signorum
2826 2103 3180 2186 munere
3243 2087 3710 2223 praestana,

1053 2231 1372 2325 Unum
1438 2260 1714 2366 quem
1776 2222 2101 2363 duplici
2163 2220 2595 2325 stellarum
2662 2222 2927 2324 sidere
2989 2224 3218 2341 vidi,
3329 2321 3334 2324 .

795 2400 976 2495 535
1066 2372 1465 2499 Scorpius
1511 2364 1869 2465 :alternis
1916 2362 2248 2467 clarum
2315 2359 2543 2503 fugit
2597 2371 2991 2465 Orionat
3065 2411 3074 2418 ·
3211 2421 3216 2426 ·

1052 2512 1186 2603 Sic
1250 2511 1470 2603 inter
1528 2499 1683 2604 sese
1748 2506 1998 2604 ttistis
2067 2501 2552 2606 Haliaeetns
2615 2511 2775 2603 itas
2798 2577 2829 2622 ,

1054 2648 1167 2740 Et
1234 2649 1504 2757 Ciris,
1574 2651 1949 2756 memori
2011 2638 2340 2741 servant
2400 2638 2513 2740 ad
2574 2639 2889 2743 fieeula
2948 2638 3158 2741 fito.

1055 2788 1678 2920 Qacumque.
1715 2777 1859 2881 illa
1914 2777 2197 2883 levem
2262 2777 2596 2921 fiigiens
2653 2779 2866 2895 secat
2937 2780 3270 2882 aethera
3347 2796 3648 2917 pennis
3677 2861 3712 2908 ,

1054 2928 1274 3018 Ecce
1339 2928 1737 3024 iuimicus
1793 2954 2039 3024 attox
2102 2956 2195 3020 m
2371 2955 2434 3019 ο
2493 2920 2850 3023 stridore
2905 2955 3092 3059 petz
3133 2955 3400 3025 auras-
3577 3020 3584 3027 .

801 3093 997 3186 540
1074 3057 1252 3159 inse
1320 3067 1571 3160 uitur.
1608 3057 2177 3202 -Nisus:.qua
2275 3099 2324 3161 e
2390 3054 2557 3159 fert
2626 3059 2885 3166 Nisus
2941 3058 3051 3160 ad
3118 3094 3359 3158 auras
3377 3056 3413 3177 ‚'

1059 3192 1212 3300 1112
1252 3098 1563 3304 cievem
1623 3194 1959 3344 fugiens
2021 3204 2342 3342 raptim
2403 3193 2621 3343 secat
2683 3196 3020 3304 aethera
3078 3204 3405 3338 pennisf

3581 4728 3677 4823 Ρ.
3745 4727 4078 4833 v1R-
4187 4693 4203 4704 ’
