4497 5769
840 313 1057 414 126¹*
1519 298 1617 393 Β.
1730 287 1851 392 [v
1916 323 1959 391 1
2035 283 2109 391 ι(
2178 293 2362 387 c't
2430 311 2605 386 tr
2681 315 2758 392 ι,
2865 291 2954 385 C
3023 283 3206 398 1'12
3276 331 3319 399 1
3402 332 3484 408 s.

1105 449 1542 560 Infamem
1608 450 1765 556 tali
1832 459 2152 555 merito
2217 485 2574 554 rumore
2636 445 2931 570 fuiffe3
3111 449 3158 522 Ϊ

1113 604 1413 701 Dosta
1478 593 2012 735 Palaephatia
2077 597 2427 694 testatur
2490 630 2712 694 voce
2741 623 3167 731 papyrus,

1110 735 1632 879 Quidquid,
1711 756 1803 840 δι
1876 773 1974 838 ut
2039 733 2427 879 quisquis
2493 731 2640 835 tali
2704 732 2816 840 de
2879 732 3119 836 clade
3183 735 3576 867 locutus,

918 930 1047 1005 90
1123 887 1466 979 Omnia
1543 875 1761 980 finti
1830 887 2121 1016 potius
2189 873 2436 976 liceat
2502 874 2932 978 notescere
3002 887 3331 983 Cirini

1114 1026 1419 1159 Atque
1494 1056 1761 1120 unam
1833 1061 1934 1118 ex
2012 1015 2308 1124 multis
2378 1009 2752 1152 Scyllam
2822 1052 3006 1119 non
3076 1020 3236 1123 effe
3308 1023 3662 1160 puellis:

1120 1168 1422 1286 Quare
1496 1177 1588 1259 &
1660 1199 1888 1301 quae
1951 1196 2250 1259 cantus
2321 1158 2774 1276 meditanti
2845 1170 3190 1263 mittere
3267 1200 3543 1284 certos
3556 1245 3590 1289 ‚

1117 1308 1455 1439 Magna
1524 1303 1740 1400 mihi
1807 1300 2135 1439 cupido
2201 1300 2638 1404 tribuistis·
2678 1311 3115 1444 praemia,
3186 1314 3467 1409 Divae

1121 1440 1530 1540 Pierides:
1601 1478 1981 1584 quarum
2056 1441 2326 1542 castos
2392 1437 2679 1539 altaria
2745 1443 3028 1579 postes
3697 1525 3708 1538 .

917 1626 1037 1718 95
1124 1588 1500 1681 Munere
1574 1580 1812 1720 saepe
1881 1621 2089 1684 meo
2159 1579 2620 1714 inficiunt,
2687 1577 3186 1725 foribusqne
3252 1585 3687 1723 hyacinthi

1118 1730 1614 1859 Deponunt
1682 1722 1982 1824 flores:
2051 1759 2201 1825 aut
2268 1721 2522 1825 suave
2578 1724 2888 1823 rubens
2950 1726 3393 1849 narcissus,

1118 1877 1316 1966 Aut
1377 1903 1679 2000 crocus
1744 1866 2061 1965 alterna
2126 1874 2671 2004 conjungens
2735 1849 2910 1963 lilia
2975 1863 3303 1986 caltha,

1121 2003 1584 2151 Sparsaque
1645 2002 2085 2106 liminibus
2144 2004 2397 2106 floret
2458 2000 2666 2104 rosaa
2808 2013 3087 2110 Nunc
3151 2045 3361 2150 age,
3433 2020 3762 2135 Divae,

1124 2153 1579 2284 Praecipue
1644 2152 1940 2250 nostro
2008 2182 2242 2247 nunc
2317 2143 2723 2283 adspirate
2784 2142 3106 2246 labori:
3630 2239 3633 2242 ,

863 2330 898 2387 r
922 2326 1050 2392 oo
1126 2289 1430 2428 Atque
1502 2323 1844 2390 novum
1915 2321 2264 2389 aeterno
2323 2295 2794 2424 ‘praetexite
2857 2285 3196 2389 honore
3262 2286 3750 2427 volumen..⁴

1211 2438 1434 2527 Sunt
1500 2428 1987 2530 Pandioniis
2057 2435 2382 2531 vicinae
2445 2424 2774 2528 sedibus
2841 2427 3142 2549 urbes,

1116 2570 1494 2669 Actaeos
1559 2578 1777 2669 inter
1839 2567 2129 2685 collis,
2207 2585 2334 2668 &c
2368 2565 2733 2668 candida
2802 2567 3102 2670 Thesei

1117 2716 1573 2844 Pur-puteis
1642 2704 1808 2809 late
1873 2709 2229 2810 ridentia
2297 2705 2545 2808 litora
2609 2703 3021 2808 conchisa

1117 2855 1531 2977 Quarum
1603 2884 1785 2951 non
1853 2846 2001 2950 ulli
2068 2847 2303 2963 fama
2367 2847 2834 2949 concedere
2897 2849 3162 2995 digna
3587 2982 3592 2985 v

842 3024 1031 3123 ‚¹05
1118 2994 1302 3088 Stat
1368 2998 1725 3128 Megara
1759 3065 1785 3107 ,
1858 3000 2158 3094 Astaei
2222 2988 2678 3132 quondam
2743 3001 3082 3093 munita
3141 2983 3434 3090 labore

1116 3124 1573 3247 Alcathoi,
1650 3129 2191 3277 Phoebiquet
2263 3142 2508 3233 Deus
2570 3165 2956 3273 namque
3017 3128 3294 3233 adfuit
3366 3126 3541 3232 illi:

1115 3270 1387 3371 Unde
1452 3280 1708 3372 etiam
1777 3271 2140 3381 citharae
2207 3308 2463 3373 voces
2528 3279 2977 3372 imitantur
3029 3308 3368 3376 acutam

1123 3417 1388 3548 Saepe
1456 3410 1667 3548 lapis
1722 3424 2096 3552 rect-epar
2167 3409 2560 3546 Cyllenia
2633 3449 2997 3513 munera
3069 3410 3409 3553 puisus‚

1126 3559 1240 3652 Et
1306 3586 1682 3695 veterem
1748 3549 2028 3656 sonitu
2098 3551 2419 3667 Phoebi
2499 3557 2842 3657 testatur
2905 3551 3362 3657 honorem.

857 3698 1375 3793 nofHanc
1441 3690 1805 3812 urbem,
1874 3731 2072 3819 ante
2138 3692 2398 3815 alios,
2470 3704 2629 3837 qui
2697 3728 2891 3795 tum
2959 3693 3319 3796 florebat
3390 3705 3487 3805 in
3545 3696 3857 3815 amia.

1110 3837 1444 3933 Fecerat
1518 3835 1907 3936 infestam
1971 3833 2439 3974 populator
2516 3846 2842 3974 remige
2907 3845 3265 3938 Minoes

1114 3969 1523 4109 Hospitio
1589 3982 1777 4115 quo
1845 3975 1921 4076 st
1988 3972 2185 4077 Nili
2264 3973 2660 4106 Polyidos
2730 3982 3019 4096 avito,
3385 3968 3388 3971 ⁵

1116 4110 1686 4248 Carpathium
1756 4115 2087 4257 Fugiens
2114 4190 2144 4235 ‚
2221 4136 2313 4217 &
2385 4116 2751 4219 flumina
2822 4126 3235 4219 Cerataea

1100 4257 1497 4353 Texerat.
1637 4263 1919 4359 Hunc
1982 4255 2208 4359 bollo
2276 4291 2651 4395 repetens
2714 4263 3207 4394 'Gortynius
3272 4261 3564 4355 Hetos

840 4427 883 4487 ι
913 4429 1017 4519 ¹5
1106 4394 1400 4495 Attica
1467 4403 1825 4499 Cretaea
1884 4397 2304 4507 sternebat
2369 4437 2563 4499 rura
2624 4396 2945 4538 sagitta.

1106 4532 1271 4632 Sed
1343 4570 1631 4678 neque
1712 4556 1932 4638 tuuc'
1978 4551 2255 4655 cives,
2327 4576 2613 4683 neque
2678 4572 2887 4638 tunc
2963 4546 3155 4638 Rex
3221 4529 3399 4674 ipse
3481 4559 3823 4637 veretur

1097 4671 1418 4777 Infesto
1483 4677 1596 4779 ad
1664 4716 1967 4783 muros
2022 4680 2459 4793 volitantis
2501 4717 2906 4822 -agmme-
2941 4713 3284 4783 turmas
3924 4812 4018 4908 D

2184 4850 2189 4858 .
4027 4843 4138 4909 u-
