4497 5769
853 311 1037 407 128
1503 300 1602 396 Ρ.’
1735 296 3456 403 V1Rc·1’1.11·C1R-1s.'2

1109 475 1360 565 Cum
1424 459 1644 563 labss
1711 497 1759 557 e
1833 457 2230 560 manibus
2298 455 2524 597 fugit
2589 454 2759 600 pila
2785 535 2817 578 ‚
2886 453 3276 606 cumque
3340 470 3647 578 relabi&

861 656 896 714 1
926 654 964 745 5
993 652 1050 713 o
1123 612 1551 708 Procurrit
1618 611 1919 740 virgo:
1988 638 2177 742 quo
2244 607 2586 700 utinam
2655 637 2765 699 ne
2831 604 3172 739 prodita
3236 608 3454 713 ludo

1119 758 1411 850 Aurea
1482 780 1661 845 tam
1730 738 2018 881 gracili
2083 737 2442 843 solviffet
2507 776 2877 879 corpora
2941 741 3167 881 palla

1122 893 1519 1002 Omnia,
1593 919 1827 1023 quae·
1883 889 2240 983 retinere
2309 881 2674 1022 gradum
2709 957 2734 997 ‚
2804 881 3327 1030 cursumque
3392 914 3715 1025 morari

1120 1025 1509 1128 Poffent:
1580 1061 1640 1123 o
1708 1056 2002 1121 tecum
2072 1020 2380 1122 vellem
2454 1055 2604 1125 tua
2670 1019 2996 1161 semper
3059 1025 3404 1134 haberes

1116 1178 1341 1271 Non
1384 1199 1783 1307 unquam
1846 1160 2163 1264 violata
2224 1199 2495 1263 manu
2553 1160 2893 1265 sacraria
2961 1173 3289 1275 Divae!

859 1350 1039 1442 155
1118 1304 1514 1450 Jnrando
1582 1300 1869 1405 infelix
1938 1303 2562 1446 nequidquam
2606 1315 2794 1435 jura
2859 1305 3177 1442 piass'es.

1124 1458 1236 1550 Et
1299 1443 1365 1546 fi
1435 1455 1629 1589 quis
1696 1442 2069 1543 nocuiffe
2138 1447 2292 1542 tibi
2361 1453 2726 1582 perjuria
2791 1442 3124 1566 credat,

1125 1583 1437 1689 Caussa
1483 1597 1624 1724 pia
1674 1589 1848 1686 est:
1917 1594 2218 1685 timuit
2279 1583 2515 1685 fratri
2596 1621 2682 1686 te
2754 1586 3195 1689 ostendere
3232 1596 3503 1731 June.

1122 1736 1250 1831 At
1304 1726 1507 1826 levis
1573 1719 1713 1825 ille
1784 1734 2026 1826 Deus
2051 1799 2080 1844 ,
2152 1735 2295 1824 cui
2364 1723 2690 1864 semper
2756 1724 2867 1825 ad
2927 1727 3505 1837 ulciscendum

1117 1879 1587 1996 Quaeritur
1652 1905 1756 1967 ex
1822 1876 2071 1966 omni
2134 1868 2603 1970 verborum
2670 1875 2980 1994 injuria
3042 1868 3343 1992 dieto,

849 2003 895 2105 '1
923 2032 1052 2109 60
1125 2014 1415 2109 Aurea
1480 2006 1846 2148 fulgenti
1913 2006 2430 2146 depromens
2497 2004 2662 2108 tela
2725 2005 3114 2145 pharetra
3152 2087 3185 2131 ‚

748 2151 767 2158 ”
1120 2159 1333 2251 Heu
1398 2158 1782 2249 nimium
1850 2160 2142 2268 tereti,
2216 2156 2598 2248 nimium
2667 2147 3120 2282 Tirynthia
3184 2150 3412 2272 visu,

1120 2298 1501 2431 Vstginis
1560 2298 1661 2388 in
1729 2325 2009 2394 tenera
2073 2287 2482 2389 defixerat
2546 2300 2846 2390 omnia
2916 2324 3234 2393 mente.

1122 2441 1381 2561 Qae
1445 2425 1705 2531 simul
1769 2466 1868 2527 ac
1933 2442 2165 2533 venis
2231 2427 2505 2529 hausit
2583 2430 3050 2531 sitientibus
3119 2442 3469 2572 ignem,

1120 2581 1234 2671 Et
1303 2564 1689 2672 'validum
1743 2582 2083 2706 penitus
2149 2578 2545 2707 concepit
2613 2583 2707 2671 in
2777 2572 2951 2673 offa
3013 2569 3456 2676 furorem:

867 2757 898 2816 1
928 2743 983 2815 6
1004 2762 1041 2844 5
1132 2722 1395 2811 Saeva
1443 2707 1679 2811 velut
1737 2708 2028 2847 gelidis
2099 2721 2548 2811 Ciconum
2611 2713 2975 2811 Bistonis
3041 2720 3133 2813 in
3191 2724 3412 2834 σείς,

1119 2859 1403 2954 ICtave
1467 2850 1908 2955 barbarico
1989 2849 2354 2988 Cybeles
2411 2854 2780 2951 antistita
2856 2851 3090 2953 buxo
3113 2927 3146 2972 ,
3207 2900 3214 2909 ·

1124 2987 1425 3129 Infelix
1491 3001 1763 3134 virgo·
1807 3026 1994 3092 tota
2061 2990 2517 3096 bacchatur
2583 3003 2676 3093 in
2742 2993 3006 3092 urbe..

1124 3141 1355 3233 Non
1416 3134 1740 3236 storace
1804 3134 2063 3237 Idaeo
2127 3135 2596 3276 flagrantes
2635 3141 2864 3272 pieta
2932 3129 3279 3269 capillos

1122 3283 1562 3413 Cognita,
1634 3312 1816 3375 non
1883 3286 2186 3377 teneris
2260 3274 2619 3413 pedibus
2693 3282 3088 3406 Sicyonia
3152 3272 3479 3377 servans
3503 3350 3533 3395 ,

868 3459 900 3519 1
927 3457 1053 3547 70
1130 3426 1354 3517 Non
1422 3426 1678 3516 niveo
1753 3425 2115 3518 retinens
2182 3416 2584 3518 bacchata
2655 3413 3019 3517 monilia
3079 3413 3339 3515 collo.

1125 3550 1535 3657 Multum
1602 3554 1722 3656 illi
1787 3566 2115 3658 incerto
2180 3558 2608 3695 trepidant
2669 3559 3017 3696 vestigia
3078 3535 3352 3657 cursu.

1128 3706 1389 3833 Saepe
1442 3694 1660 3797 redit
1721 3706 2038 3835 patrios
2108 3696 2543 3800 ascendere
2609 3687 2952 3835 prodita
3014 3730 3365 3799 muros:

1118 3836 1584 3979 A‘e'riast3ue
1620 3834 1847 3938 facit
1909 3840 2277 3941 caussam
2338 3839 2420 3939 se
2493 3836 2748 3947 visere
2811 3872 3104 3937 turres·
3315 3856 3320 3859 ’

1128 3988 1389 4113 Saepe
1466 3985 1727 4079 etiam
1783 3982 2029 4081 tristis
2097 3981 2451 4087 volvens
2519 3989 2612 4078 in
2683 3986 2942 4077 noste
3014 3972 3437 4123 querelas,
3525 3990 3530 3995 ’

868 4157 1045 4247 ¹75
1137 4117 1490 4217 Sedibus
1559 4157 1661 4222 ex
1737 4118 1921 4221 altis
1993 4121 2211 4226 coeli
2269 4117 2741 4257 speculatur
2816 4152 3272 4219 amorem:

1113 4260 1589 4400 Castraque
1650 4259 2126 4401 prospectat
2203 4262 2509 4363 crebris
2582 4257 2950 4358 lucentia
3009 4257 3417 4356 flammis.

1113 4397 1393 4501 Nulla
1458 4398 1757 4503 colum
1824 4416 2121 4509 novit:
2193 4438 2493 4506 carum
2558 4439 2715 4500 nec
2789 4398 3116 4534 respicit
3180 4429 3524 4497 aurum.

1110 4547 1335 4639 Non
1413 4578 1714 4683 arguta
1790 4539 2091 4645 sonant
2165 4554 2407 4649 tenui
2479 4538 2856 4681 psalteria
2929 4535 3291 4641 choeda:

1117 4687 1344 4782 Non
1404 4685 1732 4818 Libyco
1793 4683 2093 4787 molles
2169 4684 2704 4831 plauduntur
2770 4686 3112 4821 peffine
3163 4673 3426 4785 telae.

3663 4788 3854 4908 ιεὸ
3888 4798 4138 4910 Nul-
