4497 5769
1053 287 2998 397 rxvxxenazcrixs.
3510 338 3700 419 η)

432 512 470 571 r
500 484 623 568 80
690 451 1023 564 Nullus
1084 465 1179 556 in
1249 489 1399 553 ore
1468 449 1760 552 rubor.
1906 450 2096 553 Ubi
2161 457 2405 551 enim
2467 456 2780 580 rubor,
2847 466 3134 573 obstat
3192 481 3501 579 amori.

693 610 996 738 Atque
1057 597 1210 699 ubi
1269 589 1506 695 nulla
1570 589 1817 693 malis
1873 596 2180 730 reperit
2242 589 2534 696 solatia
2593 610 2897 724 tantis,

693 733 1402 878 Tabidulamque
1465 730 1700 835 videt
1767 728 1941 834 labi
2012 768 2170 869 per
2231 732 2541 837 vistera
2608 753 2987 848 mortem
3013 793 3041 851 ε

677 889 896 1009 Qio
959 911 1215 979 vocat
1279 885 1403 976 ire
1465 871 1768 990 dolor,
1836 870 2244 1013 subigunt
2308 912 2500 1016 quo
2576 883 2919 986 tendere
2983 888 3154 994 sata
3178 969 3213 1014 ,

687 1031 1022 1120 Fertur:
1066 1038 1191 1119 δε
1261 1011 1644 1118 horribili
1711 1046 2108 1151 praeceps
2175 1012 2651 1152 impellitur
2717 1031 3044 1130 oestro:
3315 1035 3326 1040 ’

418 1213 456 1272 1
485 1188 533 1274 8
551 1187 621 1309 5'
685 1166 824 1262 Ut
894 1169 1209 1295 patris,
1277 1155 1387 1258 ah
1456 1155 1858 1271 demens,
1927 1162 2254 1254 crinem
2326 1152 2435 1254 de
2500 1170 2811 1262 vertice
2853 1165 3110 1271 ferret

682 1310 1063 1418 Furtim,
1132 1332 1396 1440 atque
1459 1325 1768 1433 arguto
1830 1291 2291 1395 detonsum
2358 1306 2737 1401 mitteret
2798 1301 3050 1412 hosti.

677 1448 931 1543 Nam
1003 1478 1113 1540 ue
1173 1436 1379 1539 haec
1440 1432 1833 1534 conditio
1894 1431 2238 1534 miserae
2306 1451 2827 1574 proponitur
2891 1485 3093 1553 una.

678 1589 875 1683 Sive
944 1591 959 1605 '
1026 1617 1077 1680 a
1138 1585 1596 1720 ignoransz
1666 1581 1864 1716 quis
1927 1611 2120 1680 non
2185 1573 2469 1677 bonus
2532 1594 2836 1684 omnia
2910 1588 3159 1692 malit

681 1719 1103 1837 Credere,
1173 1754 1451 1862 quarn
1526 1747 1773 1816 tanto
1840 1709 2135 1814 scelere
2196 1713 2608 1819 damnare
2678 1723 3119 1860 puellam?

416 1925 451 1983 ς
471 1919 604 1999 90
675 1869 885 1961 Heu
948 1867 1248 1962 tamen
1304 1850 1596 1957 infelix
1669 1851 1919 1995 (quid
1990 1864 2225 1954 enim
2302 1861 2890 1995 imprudentia
2951 1869 3297 2007 prodest
3318 1889 3378 1991 ἓ)

673 1998 883 2105 Nise
961 2032 1201 2138 pater
1225 1999 1271 2097 ε’
1316 2005 1460 2096 cui
1515 1995 1845 2129 direpta
1900 1993 2349 2096 crudeliter
2409 2001 2619 2100 urbe
2639 2075 2674 2120 ,

667 2148 848 2242 Vix
914 2149 1074 2239 erit
1140 2174 1313 2238 una
1376 2133 1617 2269 super
1680 2129 1904 2232 sedes
1969 2144 2065 2236 in
2131 2133 2504 2237 turribus
2568 2135 2809 2271 altis,

630 2325 635 2330 ‘
673 2277 950 2379 Fess‘us
1014 2276 1170 2380 ubi
1229 2281 1637 2404 extrut‘Jio
1691 2268 1949 2409 poffis
2014 2270 2453 2376 confidere
2513 2279 2753 2382 nido.

668 2427 823 2522 Tu
956 2455 1304 2559 noque,
1373 2423 1548 2516 avis
1574 2413 1616 2536 ‚*
1672 2422 2086 2515 moriere=
2157 2414 2397 2515 dabit
2462 2419 2617 2517 tibi
2684 2417 2861 2527 filia
2924 2421 3273 2563 poenas.

396 2610 436 2669 ι
456 2579 519 2688 ῤ
536 2609 584 2700 5
674 2569 871 2661 Gau
938 2592 1070 2659 ete
1095 2633 1125 2677 ‚
1196 2595 1257 2656 o
1322 2556 1622 2656 celeres
1686 2548 2087 2671 subnixae
2151 2554 2533 2655 nubibus
2594 2556 2782 2658 altis
2806 2638 2839 2682 ‚

530 2789 539 2801 .
667 2711 929 2833 Quae
998 2734 1232 2801 mare
1250 2770 1283 2814 ‚
1423 2733 1580 2795 uae
1645 2691 1947 2795 virides
2016 2690 2257 2795 silvas
2288 2768 2320 2814 ,
2391 2691 2799 2840 lucosque
2847 2698 3246 2830 sonantes

660 2836 1096 2942 Incolitis:
1165 2874 1336 2977 gau
1399 2871 1532 2937 ete
1586 2871 1850 2974 vagae
1868 2906 1901 2950 ‚
1977 2827 2511 2979 blandaeque
2574 2835 2973 2944 volucres·
2990 2884 3028 2941 ει.
3125 2881 3146 2925 ;

657 2978 1016 3123 Vosque
1078 2978 1296 3081 adeo
1362 2977 1728 3077 humani
1791 3007 2173 3074 mutatae
2235 3014 2388 3075 cor
2511 2985 2621 3080 ris
2683 3016 2957 3100 artus,
3113 3036 3159 3073 r.

658 3129 848 3223 Vos
869 3195 899 3239 ‚
969 3158 1030 3219 o
1094 3114 1417 3220 crudeli
1476 3115 1860 3218 fatorum
1928 3110 2114 3254 lege
2172 3115 2376 3258 puel

401 3309 595 3371 200
667 3260 1129 3362 Dauliades
1202 3255 1607 3384 (crudele)
1678 3265 1915 3358 venit
1980 3257 2395 3365 cariffima
2461 3261 2710 3364 vobis

661 3414 1110 3540 Cognatos
1173 3437 1283 3499 au
1346 3435 1492 3497 ens
1556 3434 1788 3537 reges
1810 3471 1843 3515 ‚
1913 3392 2569 3542 numerumque
2632 3400 2987 3509 suorum

669 3549 941 3656 Ciris,
1004 3556 1108 3637 δι
1188 3547 1204 3563 ’
1302 3579 1351 3636 e
1420 3572 1711 3674 pater:
1771 3575 1930 3640 vos
1952 3611 1982 3655 ‚
2044 3576 2108 3637 o
2178 3537 2770 3678 pulcherrima
2818 3540 3278 3687 quondam

668 3692 1071 3817 Corpora
1094 3751 1123 3797 ,
1198 3674 1606 3779 caeruleas
1673 3687 2169 3812 praevertite
2219 3691 2315 3778 in
2383 3680 2718 3782 aethera
2781 3687 3050 3783 nubes
3072 3754 3105 3798 ‚

665 3832 876 3950 Qua
935 3854 1214 3919 novus
1280 3816 1392 3916 ad
1462 3815 1866 3953 superum
1936 3810 2158 3915 sedes
2235 3811 2743 3922 Chalchei‘us
2765 3896 2796 3940 ,
2870 3843 2963 3924 δε
3030 3859 3210 3963 qua

399 4003 525 4068 20
541 4008 584 4097 5
676 3955 1077 4061 Candida
1139 3954 1597 4056 conceffos
1638 3951 2024 4075 ascendat
2089 3960 2315 4055 Ciris
2370 3952 2767 4061 honores.
2907 4087 2919 4091 =

803 4105 1185 4242 Jamque
1245 4096 1464 4199 adeo
1528 4092 1762 4196 dulci
1792 4093 2267 4201 devinCtus
2322 4090 2660 4229 lumina
2714 4098 3026 4201 {omno

665 4239 931 4342 Nisus
996 4271 1223 4338 erat:
1291 4235 1836 4378 vigilumque
1912 4230 2219 4371 procul
2281 4236 2665 4340 custodia
2726 4250 3028 4378 primis

668 4381 1099 4485 Excubiast
1146 4375 1473 4478 foribus
1532 4379 1821 4477 studio
1890 4376 2259 4503 jactabat
2320 4385 2599 4480 inanit

679 4530 927 4620 Cum
985 4516 1290 4618 furtim
1358 4526 1621 4617 tacito
1685 4513 2187 4615 descendens
2268 4512 2540 4650 Scylla
2599 4517 2860 4620 cubili

400 4702 597 4789 2¹0
670 4660 1051 4760 Auribus
1117 4664 1456 4762 arrectis
1527 4662 1955 4784 nosturna
2022 4651 2352 4757 filentia
2432 4690 2754 4764 tentata

753 4805 904 4867 Tm.
936 4803 1040 4865 17.
2077 4804 2171 4900 R
2313 4839 2330 4847 ,
3227 4821 3234 4827 ·
3571 4800 3688 4894 Et
