4497 5769
422 633 600 728 305

580 1029 599 1044 Q

423 1328 609 1422 3¹0

425 2022 603 2114 3¹5

414 2737 605 2820 320

272 3463 285 3471 ·
412 3428 599 3524 325

1100 277 2304 376 Pa'rvtn'eitrr
2454 286 3057 384 Crnxs.
3514 336 3695 430 ¹33

679 401 1067 584 Virginis
1126 429 1599 580 affignantt
1668 434 1864 560 alii,
1932 439 2125 582 quo
2188 427 2490 541 netier
2550 439 2795 562 effes,

689 593 1230 715 Dictynnam
1296 577 1583 681 dixere
1647 614 1807 680 tuo
1868 578 1981 680 de
2042 591 2405 681 nomine
2469 591 2841 686 Lunam.

690 733 877 827 Sint
940 721 1146 819 haec
1216 758 1415 822 vera
1485 716 1811 821 velim:
1884 718 2098 820 mihi
2167 755 2445 839 cette,
2511 758 2769 863 gnata
2805 797 2835 841 ‚
2905 730 3219 866 peristi.

688 872 1191 1003 Nunquam
1251 898 1420 1000 ego
1485 891 1572 958 te
1636 857 1990 960 summo
2054 858 2564 963 volitantem
2629 873 2724 995 in
2795 880 3106 972 vertice
3177 881 3505 976 montis

682 1013 1140 1137 Hyrcanos
1215 1010 1437 1101 inter
1495 1009 1899 1116 comites,
1969 1035 2463 1144 agmenque
2513 1000 2890 1105 fetatum

684 1139 1244 1278 Conspiciam
1270 1216 1301 1258 ‚
1370 1179 1532 1241 neo
1609 1173 1694 1239 te
1765 1141 2270 1243 redeuntem
2342 1142 2736 1281 amplexa
2802 1148 3145 1251 tenebo,

682 1293 1026 1386 Verum
1097 1279 1308 1382 haec
1374 1315 1573 1380 tum
1644 1282 1899 1381 nobis
1961 1293 2247 1423 gravia
2273 1357 2303 1401 ‚
2370 1320 2637 1428 atque
2701 1283 3054 1428 indigna
3125 1290 3415 1408 fuere,

682 1433 939 1526 Turn
969 1498 1000 1547 ‚
1072 1458 1269 1523 mea
1329 1419 1736 1540 alumna,
1810 1429 1943 1521 tui
2007 1461 2218 1524 cum
2272 1419 2469 1561 ‘spes
2536 1434 2865 1565 integra
2932 1466 3316 1537 maneret
3359 1468 3388 1527 ε

686 1575 800 1666 Et
857 1601 1029 1666 vox
1100 1564 1255 1662 ista
1313 1599 1546 1664 meas
1617 1560 2022 1661 nondum
2100 1561 2564 1666 violaverat
2632 1602 2871 1666 autes
2895 1641 2929 1685 ,

684 1711 935 1804 Tene
995 1708 1259 1802 etiam
1333 1714 1709 1802 Fortuna
1769 1699 1985 1803 mihi
2053 1701 2416 1806 crudelis
2487 1702 2870 1812 ademit?

685 1847 933 1944 Tene
965 1919 995 1965 ‚
1065 1881 1130 1941 o
1193 1838 1367 1941 sola
1437 1877 1684 1941 meae
1758 1841 2103 1944 vivendi
2170 1844 2442 1945 cauffa
2520 1843 2950 1949 senefiae?

690 1992 987 2123 Saepe·
1017 1973 1179 2082 tuo
1237 1973 1471 2081 dulci
1535 1979 2137 2124 nequidquam
2214 2020 2462 2122 capta
2537 1982 2891 2125 sopore,

688 2139 937 2231 Cum
998 2154 1421 2258 premeret
1483 2155 1837 2240 natura,
1908 2130 2141 2222 mori
2213 2163 2362 2224 me
2430 2123 2647 2227 velle
2718 2135 3022 2266 negavi
3050 2201 3081 2247 ,

684 2272 825 2367 Ut
891 2262 1047 2363 tibi
1118 2271 1501 2395 Corycio
1576 2258 2152 2401 glomerat-em
2222 2262 2633 2368 flammea
2705 2261 2926 2367 luto,

688 2412 907 2525 Quo
978 2437 1215 2501 nunc
1288 2438 1436 2499 me
1505 2397 1850 2520 infelix,
1930 2437 2080 2503 aut
2138 2441 2406 2546 quae‘
2444 2443 2589 2505 me
2660 2413 3062 2509 Numina
3129 2403 3507 2509 suvant?

680 2552 832 2643 An
898 2540 1150 2642 nescis
1173 2615 1233 2662 ,-
1271 2579 1454 2684 qua
1537 2538 1725 2682 lege
1778 2552 2036 2679 patris
2101 2543 2213 2643 de
2275 2553 2584 2646 vertice
2649 2541 3005 2647 summo

679 2684 932 2787 Edita
992 2680 1429 2804 candentis
1487 2713 1917 2817 praetexat
2039 2715 2363 2820 'utputa
2433 2711 2749 2789 canos?

683 2834 942 2960 Qae
1020 2829 1259 2923 tenui
1327 2829 1673 2961 patriae-
1714 2823 1890 2962 spes
1965 2719 2070 2924 gt
2126 2822 2496 2964 suspenia
2568 2819 2939 2963 capillo?

680 2975 767 3065 Si
846 2960 1103 3064 nescis
1128 3037 1158 3081 ‚
1226 2959 1613 3104 aliquam
1684 2962 2031 3101 peffum
2094 2962 2414 3104 sperare
2468 2960 2875 3064 salutern:

681 3104 948 3205 Inscia
1015 3101 1741 3245 quandoquidem
1815 3099 2071 3204 scelus
2144 3144 2232 3206 es
2297 3102 2606 3207 eonata
2674 3099 3180 3206 nefandum.

679 3254 828 3345 Sin
903 3248 1078 3360 est,
1149 3241 1402 3386 quod
1440 3272 1835 3345 *metuot
1890 3279 2047 3382 per
2116 3285 2311 3369 me,
2382 3286 2581 3347 mea
2640 3243 3049 3362 alumna,
3116 3260 3552 3379 tuumque

687 3394 1161 3521 Expeet'um
1220 3381 1547 3484 muitis-
1592 3383 1934 3485 mistrae
2000 3391 2218 3489 mihi
2289 3389 2535 3488 rebus
2601 3420 3047 3501 amorem,

686 3534 837 3623 Per
906 3562 1103 3641 me,
1177 3540 1269 3623 δι
1336 3520 1577 3626 sacra*
1627 3556 1930 3663 precor
1992 3561 2144 3663 per
2204 3526 2575 3629 flumina
2642 3525 3072 3660 lhthyiae‚

683 3672 834 3764 Ne
902 3698 1243 3763 tantum
1292 3674 1405 3764 'in
1470 3662 1797 3765 facinus
1860 3698 2043 3764 tam
2110 3667 2343 3765 nulla
2413 3702 2701 3765 mente
2745 3666 3156 3805 ⁴&quai-is·

680 3813 908 3904 Non
974 3842 1145 3943 ego
1206 3800 1291 3905 te
1354 3812 1704 3941 incepm·
1725 3835 1769 3921 ’,ἲ
1824 3800 2012 3902 fieri
2044 3838 2048 3845 ·
2077 3803 2327 3948 quod
2394 3843 2577 3906 non
2646 3841 2852 3942 pote
2880 3878 2905 3917 ,
2976 3833 3251 3901 conor

691 3940 1108 4063 Fletlte'te,
1170 3947 1547 4042 Amor:
1618 3980 1901 4085 neque
1967 3939 2071 4045 fit
2132 3983 2344 4047 cum
2415 3946 2577 4046 Dis
2642 3942 3163 4043 contendere
3230 3938 3687 4073 nostrum}
3797 3936 3804 3947 ’

423 4126 612 4220 330
690 4085 850 4185 Sed
920 4093 1179 4222 patris
1240 4079 1661 4184 incolumi
1727 4092 2017 4221 potius
2079 4089 2165 4186 te
2230 4088 2550 4187 nubere
2618 4120 2886 4224 tegno
2913 4154 2944 4200 ‚

682 4231 982 4366 Atque
1045 4221 1378 4361 aliquos
1420 4254 1737 4324 'tamen
1774 4220 1963 4323 'effe
2026 4226 2232 4327 velis
2300 4230 2510 4346 tibi,
2579 4223 2930 4323 alumna
2956 4296 2982 4341 ,
3051 4253 3448 4359 penates:

679 4374 887 4465 Hoc
956 4400 1236 4464 unum
1284 4362 1566 4463 :exitio
1630 4362 1892 4464 dosta
1916 4439 1947 4481 ‚
2016 4404 2281 4509 atque
2345 4398 2683 4503 experta
2752 4366 3170 4466 monebu.

692 4501 991 4630 Quod³
1028 4496 1106 4602 -fi
1175 4537 1356 4603 non
1423 4501 1581 4603 alia
1645 4512 1965 4641 poteris
2031 4520 2361 4607 tatione
2426 4542 2865 4643 parentem

698 4642 1112 4746 Piedieret
1181 4639 1347 4747 sed‘
1382 4654 1702 4785 potetis
1771 4642 2025 4789 (quid
2090 4658 2332 4749 enim
2399 4685 2589 4749 non
2658 4654 2914 4749 unica
2974 4636 3320 4783 poffise)
3455 4783 3543 4881 T
3689 4718 3693 4723 .

1410 4859 1413 4862 <
1902 4792 1994 4890 R
2073 4831 2111 4915 3
3188 4820 3367 4921 335
3545 4813 3719 4885 unc

3399 5158 3404 5163 '
3553 5152 3578 5192 Ι
