4497 5769
990 325 1082 417 P.
1226 323 2178 417 V1Rorrrr
2322 319 2979 439 Corax.

623 481 798 609 Ad)
852 483 1066 583 vada
1134 487 1526 583 veniffet:
1596 515 1944 581 naturae
2014 515 2462 617 comparat
2531 522 2823 591 arma:

622 623 898 721 Ardet
962 659 1306 741 mente,
1380 623 1584 721 furit
1648 619 2190 739 stridoribus,
2258 631 2598 727 intonat
2663 665 2869 731 ore:

622 761 1002 859 Flexibus
1070 761 1366 861 eversis
1446 795 1890 901 torquetur
1958 769 2336 897 corporis
2402 767 2679 869 orbis:

306 1013 309 1015 ,
620 909 992 1001 Manant
1064 899 1558 1043 sanguineae
1622 937 1770 1037 per
1844 909 2158 1001 trastus
2226 901 2615 1045 undique
2676 943 2969 1049 guttae
2995 921 3029 1011 ε’

355 1064 540 1153 180
616 1044 1060 1179 Spiritibus
1126 1055 1456 1181 rumpit
1530 1039 1830 1139 fauces,
1980 1047 2158 1137 Cui
2228 1051 2541 1142 cundia
2609 1061 2939 1181 paranti

616 1177 1024 1283 Parvulus
1098 1181 1326 1283 hunc
1398 1193 1630 1319 prior
1702 1179 2090 1283 humoris
2160 1217 2581 1283 conterret
2647 1183 3111 1309 alumnu5,‘

513 1452 521 1456 ¹
616 1329 728 1421 Et
802 1357 1182 1419 mortem
1258 1331 1518 1423 vitare
1588 1355 1890 1417 monet
1958 1355 2108 1453 per
2186 1329 2611 1423 acumina.
2759 1335 3185 1473 Namque

610 1471 818 1577 Qua
884 1459 1236 1561 didueta
1298 1497 1548 1599 genas
1624 1457 2112 1593 pendebant
2186 1455 2521 1559 lumina
2589 1477 2955 1601 gemmis
2979 1543 3009 1589 ,

608 1609 808 1697 Hac
874 1597 1204 1699 senioris
1270 1635 1442 1699 erat
1510 1631 1858 1695 naturae
1928 1594 2264 1735 pupula·
2324 1597 2496 1697 telo
3015 1637 3031 1647 ·

294 1754 451 1850 ,aa
473 1779 520 1867 5
606 1743 788 1835 Ista
852 1735 1040 1837 levi.
1190 1746 1438 1838 Tum
1508 1733 1896 1875 prosiluit
1960 1735 2519 1854 furibundus,
2601 1759 2687 1839 &
2759 1739 3007 1845 illum

608 1877 1070 1977 Obtritum
1140 1887 1406 1975 morti
1478 1871 1756 1973 misit:
1828 1885 1966 1973 cui
2026 1873 2346 1973 dissitus
2414 1889 2701 1979 omnis

604 2025 961 2151 Spiritus
1026 2015 1360 2113 excessit
1434 2011 1720 2113 sensus.
1872 2025 2116 2113 Tum
2190 2051 2434 2115 torva
2508 2051 2943 2121 tenentem

600 2163 982 2256 Lumina
1048 2153 1392 2291 respexit
1456 2153 1920 2287 serpentem
1990 2163 2539 2255 comminus:
2611 2155 2813 2257 inde

279 2423 296 2434 '
602 2301 1034 2431 Impiger,
1108 2301 1564 2409 exanimiS,
1636 2303 1780 2389 vix
1846 2329 2212 2429 compos
2282 2331 2573 2395 mente
2641 2295 3005 2437 refingit,

272 2461 524 2545 '¹¹90
600 2439 712 2529 Et
778 2431 1156 2533 validum
1230 2433 1520 2535 dextra
1588 2465 1996 2531 truncum
2064 2433 2418 2533 detraxit
2484 2437 2593 2533 ab
2659 2473 2925 2537 orno:

600 2579 786 2689 Qui
856 2571 1078 2672 casus
1146 2575 1488 2673 sociaret
1554 2609 1876 2707 opem,
1950 2611 2386 2673 numenve
2454 2585 2887 2675 Deorum.

604 2719 1028 2853 Namque
1098 2711 1220 2811 illi
1286 2711 1716 2811 dedetitne
1780 2723 2014 2813 viam
2082 2709 2456 2829 casusve,
2535 2713 2925 2835 Deusve,

596 2849 958 2950 Prodere
1024 2847 1130 2950 sit
1196 2849 1622 2952 dubium:
1692 2847 1974 2950 voluit
2040 2849 2174 2950 fied
2248 2861 2585 2954 vincere
2651 2849 2875 2952 tales.

596 2992 980 3090 Horrida
1044 2988 1472 3130 squamosi
1540 2986 1968 3092 volventia
2034 2992 2426 3094 membra
2490 2994 2935 3112 draconis,

305 3172 358 3261 ,ι
381 3171 506 3261 95
594 3136 898 3270 Atque
966 3128 1454 3232 relustantis
1522 3132 1878 3246 crebriS,
1950 3130 2375 3272 foedeque
2440 3144 2802 3270 petentis

590 3274 914 3370 letibus
980 3270 1184 3370 ossa¹
1218 3268 1462 3390 ferit,
1534 3280 1894 3412 cingunt
1962 3310 2138 3412 qua
2204 3308 2599 3410 tempora
2665 3274 3059 3374 cristam:

586 3418 700 3510 Et
766 3412 1014 3548 quod
1080 3448 1256 3510 erat
1320 3412 1662 3526 tardus,
1734 3420 1984 3510 omni
2052 3410 2462 3552 languore
2527 3446 2919 3530 remot0‚
3057 3406 3063 3412 ἒ

588 3544 952 3646 Nescius
1018 3550 1470 3690 adspiciens
1538 3560 1806 3650 timor
1874 3552 2466 3654 obcaecaverat
2529 3586 2811 3654 artus:

590 3694 808 3784 Hoc
888 3696 1172 3788 minus
1238 3690 1672 3828 implicuit
1736 3688 1918 3788 dira
1982 3690 2450 3790 formidine
2517 3726 2937 3792 mentem.

310 3859 516 3924 200
590 3836 902 3956 Quem
970 3832 1436 3968 postquam
1506 3827 1724 3926 vidit
1788 3824 2122 3926 caesum
2188 3824 2767 3966 languescere,
2839 3824 3079 3926 sedit..=

662 3974 866 4108 Jam
926 3976 1260 4110 quatit,
1336 3988 1426 4070 δι
1496 3968 1822 4104 bijuges
1888 3974 2166 4066 oriens
2234 3970 2517 4066 Erebo
2581 3976 2703 4066 cit
2771 4004 3043 4108 equos
3109 3968 3343 4082 nox,

586 4112 698 4204 Et
762 4118 1000 4250 piger
1072 4142 1372 4208 aurato
1438 4106 1826 4242 procedit
1892 4104 2208 4242 Vesper
2274 4110 2382 4206 ab
2450 4116 2739 4222 Oeta,

588 4256 836 4346 Cum
902 4288 1158 4392 grege
1218 4244 1636 4382 conpulso
1710 4250 1991 4382 pastor
2068 4242 2703 4380 duplicantibus
2768 4246 3097 4346 umbris

584 4386 852 4486 Vadit
876 4414 918 4506 ,'
982 4408 1074 4488 δε
1146 4396 1238 4486 in
1324 4386 1568 4486 fessbs
1642 4396 2030 4524 requiem
2110 4384 2306 4484 dare
2374 4424 2543 4486 con
2609 4416 2787 4485 arat
2857 4420 3145 4519 artus:a
3261 4398 3269 4408 '

312 4561 499 4652 ²05
594 4532 874 4654 Cujus
946 4561 1042 4624 ut
1104 4530 1454 4628 intravit
1520 4522 1790 4626 levior
1856 4560 2006 4662 per
2072 4560 2431 4660 corpora
2492 4558 2905 4646 omnus,

590 4666 1206 4810 Languidaque
1270 4664 1538 4806 effuso
1602 4674 2100 4808 requierunt
2168 4666 2561 4774 membra
2611 4662 2909 4808 sopore
2937 4734 2969 4786 ‚

2014 4818 2080 4906 P
2153 4846 2208 4906 2

3211 1997 3249 2025 ‚J
