4497 5769
952 299 2153 428 P·³‘.V¹RG¹¹‘¹¹
2307 293 3046 397 C111.1!x.'''=
3484 341 3671 411 ιιι

660 486 1019 584 Curtius
1091 494 1183 576 δε
1208 543 1238 588 ,
1312 463 1613 566 mediis
1681 495 1957 603 quem
2022 459 2486 604 quondam
2551 459 2880 572 sedibus
2945 471 3179 578 urbis

654 633 1111 725 Devotum
1180 605 1411 712 bellis
1480 598 1948 707 consumsit
2012 610 2371 742 gurgitis
2437 603 2832 716 haustus:

658 770 1012 866 Mucius
1082 774 1176 856 &
1245 749 1618 890 prudens
1642 820 1672 865 ‚
1742 742 2143 844 ardorem
2211 780 2574 883 corpore
2611 750 2913 889 'passus
2931 830 2965 877 ,

388 935 575 1039 365
656 908 1076 1041 Legitime
1142 889 1376 995 ceffit
1441 899 1582 990 cui
1646 882 1912 986 fratS‘ta
1974 893 2363 1020 potentia
2431 895 2721 1027 Regis,

652 1053 835 1146 Hic
905 1047 1227 1141 Cutius
1293 1031 1559 1135 clarae
1621 1024 1887 1127 socius
1954 1033 2341 1141 virtum,
2417 1044 2509 1126 &
2580 1025 2720 1127 ille

654 1183 1172 1296 Flaminius,
1244 1173 1557 1275 devota
1620 1166 1856 1266 dedit
1925 1172 2082 1306 qui
2148 1201 2514 1302 corpora
2578 1166 3013 1276 flammae.

644 1333 856 1469 Jure
920 1332 1183 1464 igitur
1252 1313 1432 1415 talis
1493 1305 1715 1411 sedes
1779 1312 2112 1444 pietatis
2170 1302 2568 1407 honorat.

655 1463 845 1566 Illic
910 1457 1515 1600 Scipiadaeque
1577 1446 1888 1549 duces:
1956 1443 2273 1547 devota
2340 1447 2800 1588 triumphis

198 1705 205 1712 .
251 1601 275 1614 ⁸
385 1657 580 1749 370
653 1615 1022 1710 Moenia
1087 1637 1312 1746 quos
1377 1589 1715 1732 rapidos
1786 1588 2147 1723 Libycae
2215 1587 2754 1730 Carthaginis
2821 1589 3193 1699 horrent.

649 1746 783 1850 Illi
852 1743 1106 1848 laude
1176 1739 1318 1842 sua
1388 1747 1784 1874 vigeant:
1855 1765 2019 1867 ego
2086 1736 2317 1828 Ditis
2384 1766 2702 1868 opacos

651 1901 959 2030 Cogor
1023 1883 1252 1986 adire
1316 1876 1596 1987 lacus,
1665 1865 1973 1973 viduos
2038 1904 2089 1966 a
2156 1868 2490 1971 lumine
2556 1871 2929 1992 Phoebi,

644 2039 761 2130 Et
828 2030 1168 2132 vastum
1240 2012 1848 2160 Phlegethonta
1913 2016 2144 2146 pati:
2214 2049 2405 2150 quo
2471 2024 2858 2118 maxima.
2921 2020 3227 2125 Minos

644 2165 1233 2273 Conscelerata
1290 2170 1440 2300 ‘pia
1506 2156 1895 2258 discernit
1961 2147 2303 2251 vincula
2361 2149 2570 2252 sede.

380 2355 570 2443 375
654 2320 897 2450 Ergo
954 2319 1134 2438 jam
1208 2302 1577 2404 cauffam
1653 2297 1957 2395 mortis
2025 2326 2171 2389 me
2237 2290 2514 2392 dicere
2577 2301 2918 2394 vinstae

649 2449 1165 2554 Verberibus
1228 2449 1473 2546 saevo
1540 2440 1872 2575 cogunt
1935 2430 2045 2528 ab
2107 2425 2391 2559 judice
2454 2469 2825 2570 poenae:

652 2607 896 2696 Cum
968 2586 1180 2688 mihi
1250 2620 1345 2685 tu
1414 2580 1517 2681 fis
1586 2577 1858 2675 cauffa
1924 2566 2183 2687 mali,
2256 2608 2416 2671 nec
2480 2574 2861 2673 conscius
2924 2569 3183 2692 adsis,

643 2743 847 2837 Nec
880 2723 1485 2829 tolerabilibus
1552 2725 1768 2818 curis
1835 2712 2038 2813 haec
2103 2719 2544 2811 inmemor
2608 2710 2903 2814 audis:

641 2882 915 3004 Qae'
966 2906 1315 2986 tamen,
1387 2898 1488 2967 ut
1549 2866 1786 2963 vanis
1853 2853 2292 2955 dimittens
2356 2853 2660 2954 ot'nnia
2724 2861 2996 2956 ventis
3010 2926 3046 2973 ‚

367 3056 411 3144 3
444 3027 572 3114 80
643 3012 1107 3157 Digredior
1173 3038 1629 3150 nunquam
1702 2996 2168 3097 rediturus:
2238 3032 2335 3097 tu
2402 2994 2589 3094 cole
2654 2992 2914 3094 fontis
2934 3070 2968 3114 ‚
3047 3028 3050 3033 ·

644 3163 755 3254 Et
825 3153 1639 3258 viridis-nemorum
1712 3136 2005 3253 silvas»,
2082 3156 2173 3237 &
2246 3134 2544 3274 pascua
2608 3136 2926 3237 laetus:

644 3304 758 3394 Et
827 3333 1020 3394 mea
1086 3286 1439 3392 diffusa&
1487 3294 1920 3422 rapiantur
1983 3277 2429 3415 diCta‘‚per
2494 3306 2764 3379 auras.
2891 3385 2904 3393 ,
3069 3270 3078 3277 ’

648 3443 946 3537 Dixit:
1021 3453 1111 3533 &
1183 3465 1561 3535 extrema
1627 3426 1874 3524 tristis
1940 3456 2148 3518 cum
2216 3456 2432 3519 voce
2497 3414 2844 3519 receffit.

736 3585 1014 3674 Hunc
1060 3571 1231 3672 -ubi
1292 3567 1749 3669 sollicitum
1816 3557 2144 3663 dimifit
2207 3568 2503 3659 inertia
2568 3569 2842 3674 vitae,

369 3732 498 3850 38
524 3755 568 3845 5
653 3723 1013 3815 Interius
1080 3719 1442 3854 graviter
1511 3738 1900 3809 mentem
1967 3735 2263 3836 aeger:
2337 3738 2496 3797 nec
2567 3697 2760 3797 tulit
2830 3687 3047 3792 ultra

649 3854 1043 3956 Sensibus
1108 3848 1489 3949 infusum
1562 3841 1885 3945 Culicis
1954 3838 2062 3935 de
2124 3872 2410 3934 morte
2475 3833 2926 3949 dolorem,

653 4009 1510 4130 Quantumcumque
1573 3983 1729 4084 fibi
1793 3992 2003 4086 vires
2072 3975 2436 4074 tribuere
2503 3973 2843 4093 senileS,

656 4148 882 4266 Quis
951 4169 1246 4235 tamen
1313 4126 1718 4228 infestum
1781 4155 2178 4261 pugnans
2245 4113 2666 4218 devicerat
2731 4112 3125 4213 hostem:

659 4289 995 4384 Rivum
1062 4306 1414 4412 propter
1481 4303 1752 4411 aquae
1818 4258 2065 4363 viridi
2130 4254 2282 4356 sub
2349 4255 2657 4357 fronde
2725 4252 3191 4366 latentem,

369 4466 416 4561 3
449 4459 583 4535 90
660 4415 1242 4521 Conformare
1308 4409 1607 4509 locum
1674 4412 1903 4542 capit
1967 4406 2351 4536 inpiger:
2423 4396 2654 4498 hunc
2723 4416 2817 4497 ὃς
2885 4404 2978 4492 in
3043 4390 3350 4491 orbem

661 4562 1109 4678 Destinat,
1176 4592 1274 4655 ac
1338 4549 1531 4650 ferri
1598 4541 2008 4683 capulum
2078 4546 2468 4675 repetivit
2532 4547 2622 4638 in
2691 4534 2990 4652 usum,

666 4706 1228 4803 Gramineam
1298 4725 1398 4797 ut
1463 4686 1727 4797 viridi
1778 4681 2109 4788 foderet
2169 4675 2282 4780 de
2346 4676 2649 4819 cespite
2714 4708 3060 4806 tetram..

509 4886 551 4927 ,μ
674 4840 1031 4913 χὮπιν.
1343 4882 1350 4889 -
1696 4826 1711 4830 ’
2253 4827 2377 4947 Q
2633 4820 2640 4821 *
2817 4817 2830 4821 ’
3471 4802 3679 4943 Jam
