4497 5769
829 298 1038 363 mi.
1529 259 1661 351 'P.··
1748 254 1975 353 Νη
2049 281 2120 352 R
2180 257 2255 349 'c
2334 283 2497 350 121.
2575 284 2611 352 1
2685 285 2723 350 1
2867 258 2951 346 C
3009 279 3090 351 υ
3143 277 3212 354 11
3293 249 3344 356 ε’
3423 292 3527 363 x.

1123 420 1621 529 Adversum
1683 422 1940 525 saevis·
2000 421 2231 522 ultro
2305 455 2563 556 caput
2631 420 3010 522 hostibus
3065 426 3359 532 offert.

895 587 965 670 <8
989 613 1032 702 5
1121 565 1250 666 llli
1324 561 1532 693 falce
1594 576 1836 667 Deus
1903 560 2525 676 colitur·‚‘.'non
2587 597 2763 664 arte
2820 561 3195 699 politus:

1106 705 1269 805 ,Ille
1340 704 1543 804 colit
1615 702 1933 802 lucose‘
1978 697 2096 800 illi
2169 698 2626 803 Panchaica
2693 700 2992 820 thura,

1113 845 1523 944 Floribus-
1574 847 1927 984 agrestes
1994 841 2299 940 herbae
2368 841 2882 943 variantibus
2950 840 3302 947 adsunt:

1126 983 1256 1086 llli
1322 981 1590 1083 dulcis
1663 983 1893 1082 adest
1932 990 2350 1123 rrequieS,
2427 999 2807 1121 &mpura
2872 981 3323 1120 volupta8‚

1119 1126 1418 1224 Libera
1485 1121 2009 1259 simplicibus
2081 1129 2354 1222 curis:
2420 1118 2590 1221 huc
2663 1129 3084 1241 inminet,
3117 1137 3444 1228 -omnis

919 1304 1060 1381 ‹90
1134 1271 1459 1405 Dirigit
1512 1264 1682 1363 huc
1750 1261 2069 1362 sensus:
2139 1258 2350 1360 haec
2408 1297 2615 1360 cura
2685 1265 2802 1361 est
2878 1260 3553 1394 subdita-cordi,

986 1503 1001 1509 -
1134 1404 1561 1533 Qolibet
1632 1437 1726 1502 ut
1795 1412 2085 1544 requie
2153 1407 2394 1501 vistu
2455 1435 2909 1501 contentus
2981 1403 3411 1526 abundet,

1127 1544 1712 1688 Jucundoque
1762 1540 2017 1642 locet·
2071 1537 2558 1680 languentia
2637 1579 2999 1679 corpora
3039 1542 3399 1648 somno,

1133 1696 1227 1785 O
1301 1683 1715 1822 pecudes,
1787 1723 1848 1783 o
1920 1695 2231 1804 Panes,
2308 1699 2397 1782 δε
2455 1720 2529 1780 o
2580 1682 3054 1820 gratiffima
3124 1694 3466 1824 Tempe
3599 1759 3642 1776 .-
3725 1733 3732 1742 ’
3855 1739 3862 1746 ,

1137 1834 1424 1926 Fontis
1497 1821 2266 1956 Hamadryadum:
2338 1859 2713 1965 quarum
2786 1860 2970 1923 non
3017 1822 3294 1925 divite
3362 1827 3602 1930 cultu

920 2003 987 2077 9
1014 2001 1049 2091 5
1132 1964 1556 2066 Aemulus
1627 1963 1986 2066 Ascraeo
2052 1965 2338 2102 pastor
2399 1959 2553 2060 sibi
2620 1958 2981 2104 quisque
3045 1976 3351 2101 po'c‘tae

1131 2118 1540 2207 ‚Securam
1597 2103 1955 2242 placido
2023 2102 2387 2203 traducit
2445 2109 2799 2238 pestore
2864 2112 3164 2205 vitam.

1143 2245 1500 2346 Talibus
1565 2253 1655 2342 in
1728 2244 2020 2345 studiis
2087 2240 2399 2342 baculo
2473 2240 2692 2342 dum
2772 2251 3020 2342 nixus
3106 2255 3422 2382 apricas

1140 2389 1428 2486 Pastor
1500 2393 1678 2524 agit
1750 2424 1984 2485 curas
2010 2458 2039 2501 ,
2114 2401 2206 2482 &
2283 2382 2497 2482 dum
2576 2419 2759 2482 non
2828 2420 3002 2483 arte
3077 2424 3385 2486 canora
3472 2490 3496 2510 ‚

1125 2536 1632 2664 Compasta
1699 2521 2065 2624 solidum
2143 2521 2643 2622 modulatur
2705 2523 3120 2623 arundine
3189 2562 3581 2629 carmen:

872 2700 909 2755 ³
939 2697 1060 2753 00
1137 2668 1462 2767 Tendit
1527 2672 1962 2763 inevectus
2024 2660 2303 2762 radios
2379 2669 2897 2798 Hyperionis
2964 2665 3270 2785 ardor,
3367 2749 3373 2755 .

1138 2804 1634 2947 Lucidaque
1695 2801 2080 2904 aethereo
2142 2812 2406 2942 ponit
2465 2803 2942 2904 discrimina
3016 2805 3411 2927 mundo,

1146 2957 1356 3074 Qua
1427 2954 1626 3076 jacit
1698 2944 2639 3047 Oceanum‘flammas
2704 2953 2796 3044 in
2857 2978 3343 3091 utrumque
3409 2983 3800 3087 rapaces·-

1134 3095 1248 3213 Et
1316 3098 1491 3216 jam
1555 3084 2086 3223 conpellente
2135 3122 2399 3225 vagae
2447 3089 2777 3223 pastore
2815 3086 3196 3222 capel-lae

1132 3236 1327 3327 Ima
1391 3224 1867 3326 susurrantis
1939 3229 2429 3364 repetebant
2491 3225 2602 3325 ad
2674 3225 2888 3326 vada
2953 3225 3353 3367 lymphae
3377 3282 3430 3343 ,-

887 3389 1067 3479 ως
1156 3377 1409 3488 Quae
1474 3365 1751 3467 subter
1813 3365 2172 3469 viridem
2238 3360 2704 3466 residebant
2762 3364 3100 3468 caerula
3166 3366 3590 3469 mustum„

1135 3514 1341 3647 Jam
1414 3507 2167 3643 mediasoperum
2237 3515 2494 3642 partis
2568 3513 2910 3605 evectus
2962 3544 3132 3608 erat
3205 3505 3406 3626 Sol,

1074 3664 1077 3679 ¹
1138 3658 1391 3747 Cum
1469 3645 1753 3747 densas
1811 3650 2104 3784 pastor
2167 3647 2533 3779 pecudes
2605 3648 2965 3786 cogebat
3030 3656 3130 3745 in·
3202 3648 3599 3748 umbras:

1153 3796 1291 3890 Ut
1362 3784 1687 3937 procul.
1729 3788 2097 3923 adspexit
2154 3782 2363 3886 luco
2424 3783 2779 3886 residere
2850 3795 3204 3907 virenti,

1150 3924 1402 4026 Delia
1467 3936 1753 4045 Diva,
1822 3962 2035 4030 tuo:
2103 3963 2292 4065 quo
2362 3924 2817 4067 quondam
2882 3936 3136 4030 vieta
3194 3925 3482 4028 furore

879 4111 919 4170 ,ι
948 4112 1068 4168 ro
1143 4074 1407 4167 Venit
1471 4065 1984 4202 Nthileum
2048 4062 2381 4205 fugiens
2449 4063 2903 4166 Cadmaeis
2971 4082 3264 4208 Agave

1148 4203 1543 4307 Infandas
1612 4203 1988 4306 scelerata
2051 4243 2361 4307 manus
2428 4243 2477 4303 e
2538 4206 2790 4306 caede
2859 4242 3254 4307 cruenta:

1142 4359 1400 4476 Quae
1463 4342 1754 4487 gelidis
1823 4344 2222 4448 bacchata
2286 4354 2508 4486 jugis
2575 4354 2991 4489 requievit
3053 4355 3176 4443 in·
3211 4379 3514 4465 antro,
3655 4388 3700 4442 x

1127 4492 1550 4595 Posterius
1622 4524 2023 4626 poenam·
2054 4495 2307 4627 gnati
2365 4486 2451 4588 ie
2521 4520 2808 4589 morte
2864 4483 3280 4590 futuram.

3951 4625 4132 4719 Hic
