4497 5769
796 298 953 396 2,
1090 294 1931 394 Vracrrrr
2060 302 3165 417 Caruere-rm.

682 451 986 563 Multa
1049 491 1330 597 neque
1387 461 1812 553 inmeritis
1878 451 2236 561 donavit
2296 471 2681 597 praemia
2749 467 3173 597 alumnis,

776 604 1150 695 Praemia
1218 589 1586 695 Meffalis
1650 603 2034 697 maxima
2100 597 2577 737 PoplicoliS.

677 745 928 839 Nam
994 735 1212 875 quid
1263 773 1436 875 ego
1494 729 1862 833 inmensi
1920 775 2412 841 memorem
2470 741 2743 845 studia
2813 751 2969 853 ista
3027 749 3391 867 laboris!

768 877 1150 973 Horrida
1216 875 1434 1015 quid
1500 873 1762 975 durae
1830 909 2228 1015 tempora
2292 877 2703 985 militiae?

680 1015 978 1113 Castra
1044 1013 1242 1113 foro
1308 1011 1646 1131 solima,
1720 1013 1914 1113 urbi
1976 1055 2496 1157 praeponere
2563 1027 2881 1149 castra,

754 1161 998 1253 Tam
1064 1151 1372 1289 procul
1431 1153 1608 1253 hoc
1670 1187 1930 1267 nat0,
2004 1193 2186 1261 tam
2252 1163 2561 1297 procul
2627 1161 2785 1264 hac
2847 1183 3117 1303 patria
3139 1207 3173 1279 2w

668 1293 1222 1393 Inmoderata
1286 1300 1464 1429 pati
1532 1329 1766 1391 nunc
1831 1291 2148 1434 frigora
2182 1375 2206 1413 ,
2280 1339 2691 1445 nuncque
2759 1309 3123 1415 calores?

766 1443 1122 1531 Stertere
1186 1431 1318 1531 vel
1384 1429 1598 1531 dura
1662 1431 1896 1567 poffe
1960 1433 2204 1573 super
2268 1435 2547 1541 filice?

586 1603 594 1611 ·
670 1581 936 1707 Saepe
998 1605 1330 1671 trucem
1398 1569 1740 1675 adverib
1806 1571 2126 1709 perlabi
2188 1575 2452 1679 sidere
2518 1591 2959 1689 Pontum?

750 1721 1010 1845 Saepe
1074 1711 1476 1809 audendo
1544 1749 1782 1811 mare
1846 1723 2232 1833 vincere,
2301 1713 2535 1857 saepe
2597 1717 3033 1827 hiemem?

660 1857 920 1985 Saepe
984 1861 1246 1949 etiam
1311 1847 1604 1949 densos
1670 1857 2104 1951 inmittere
2168 1893 2480 1993 corpus
2547 1867 2641 1957 in
2709 1860 3033 1967 hostes:

750 1999 1362 2089 Communem
1432 1987 1629 2087 belli
1692 2027 1852 2089 nec
1918 1993 2286 2093 timuisse
2350 2007 2709 2097 Deum}

664 2135 946 2231 Nunc
999 2125 1308 2227 celeres
1372 2129 1686 2245 Afros,
1758 2137 2304 2271 perituraque
2366 2133 2639 2235 millia
2687 2149 3021 2275 gentis,

748 2271 1040 2365 Aurea
1086 2303 1322 2367 nunc
1381 2265 1654 2405 rapidi
1718 2263 2084 2371 flumina
2146 2273 2376 2373 adire
2444 2283 2727 2415 Tagi?

672 2415 950 2509 Nunc
1014 2403 1268 2505 aliam
1326 2445 1440 2505 -ex
1504 2405 1662 2505 alia
1722 2403 2116 2509 bellando
2180 2449 2581 2551 quaerere
2641 2445 3053 2553 gentem?

752 2553 1118 2645 Vincere
1182 2567 1274 2643 δε
1346 2555 1682 2645 Oceani
1740 2543 2062 2647 finibus
2128 2547 2531 2651 ulterius?

662 2691 886 2783 Non
948 2689 1342 2785 nostrum
1412 2689 1586 2801 est,
1656 2695 2075 2825 inquam,
2150 2723 2420 2791 tantas
2486 2697 2897 2831 attingere
2961 2691 3269 2797 laudes.

750 2833 998 2955 Qin
1066 2825 1340 2925 anfi-m
1411 2823 1580 2923 hoc
1642 2835 1902 2923 etiam
1966 2825 2292 2945 dicere,
2364 2837 2508 2931 vix
2573 2825 3039 2933 hominum
3109 2839 3255 2935 est.

662 2963 890 3098 Ipsa,
962 2965 1164 3065 haec
1224 2963 1400 3102 ipsa
1468 2961 1742 3065 fierent
1805 3002 2094 3067 rerum
2160 3001 2737 3069 monumenta
2805 3003 2961 3108 per
3023 2975 3377 3077 orbem:

738 3104 920 3238 Ipsa
984 3106 1142 3204 fibi
1206 3114 1648 3242 egregium
1716 3102 1938 3204 fasta
2004 3106 2258 3206 decus
2322 3120 2675 3246 parient.

656 3248 856 3342 Nos
918 3282 1060 3360 ea,
1130 3280 1354 3384 quae
1422 3280 1710 3344 tecum
1780 3241 2216 3346 finxerunt
2278 3258 2659 3350 carmina
2725 3254 2987 3370 Divi,

742 3382 1220 3514 CynthiuS‚
1294 3402 1388 3484 ὅτ.
1458 3384 1810 3500 Musae,
1888 3384 2320 3508 Bacchus,
2392 3408 2486 3490 δι
2555 3384 2893 3528 Aglaie.

670 3526 754 3618 Si
820 3518 1104 3620 laudes
1166 3520 1578 3658 adspirem
1604 3598 1634 3642 ‚
1708 3518 2020 3624 humili
2082 3522 2218 3624 fied
2292 3526 2520 3628 adire
2577 3536 3020 3630 Camena:

744 3666 830 3758 Si
894 3668 1172 3796 patrio
1240 3668 1550 3790 Grajos
1616 3672 1992 3762 carmine
2054 3662 2286 3762 adire
2344 3664 2541 3764 sales

648 3800 1143 3897 Poss'umus:
1214 3809 1522 3936 optatis
1584 3796 1776 3934 plus
1836 3810 2018 3930 jam
2084 3800 2635 3934 procedimus
2699 3796 2923 3938 ipsis.

728 3944 940 4036 Hoc
1010 3938 1188 4038 fiatis
1222 3989 1228 3993 ·
1260 3942 1432 4058 est,
1500 3946 1806 4080 pingui
1878 3936 2002 4040 nil
2068 3936 2286 4041 mihi
2354 3976 2565 4044 curn
2627 3936 2993 4082 popu10.

1990 4084 2046 4140 ,κ

660 4182 1076 4320 Adspice,
1148 4222 1416 4330 quem
1482 4184 1768 4288 valido
1836 4186 2294 4290 subnixum
2364 4188 2641 4332 gloria
2707 4220 2977 4328 regno

732 4322 1016 4424 Altius
1090 4346 1180 4426 &
1260 4324 1476 4424 coeli
1554 4326 1874 4426 sedibus
1952 4324 2390 4432 extulerat.

650 4466 1118 4562 Terrarum
1182 4462 1318 4564 hic
1384 4462 1610 4562 bello
1676 4504 2100 4608 magnum
2170 4468 2691 4570 concusserat
2753 4464 3111 4604 orbem}

736 4612 916 4706 Hic
982 4614 1258 4746 Reges
1326 4602 1578 4706 Asiae
1644 4604 2054 4746 fregerat,
2130 4626 2222 4708 &
2286 4604 2691 4750 populos.
2849 4606 2853 4608 ’

1990 4753 2216 4892 Ta.

3558 373 3750 473 ¹47

3455 4742 3639 4876 Hie
