4497 5769
784 300 981 396 ¹3²
1428 256 3384 390 Invincrtrrcxxrs]

1053 418 1335 549 Qod
1399 456 1488 523 te
1556 457 1711 562 per
1772 427 2115 523 Divum
2178 417 2534 520 crebros*
2581 415 2994 531 obtestort
3028 435 3367 526 amores
3384 465 3452 546 ,·
3575 471 3580 478 ·

1061 575 1394 705 Perque
1454 598 1718 665 tuum
1779 570 2194 662 memoris
2248 553 2658 661 haustum
2735 558 2954 660 mihi
3023 569 3326 696 pectus
3393 561 3846 698 alumnae,

801 748 981 841 ²75
1068 714 1204 807 Ut
1276 741 1474 823 me,
1550 699 1617 804 fi
1677 699 1989 805 servare
2057 734 2360 838 potes,
2425 737 2539 800 ne
2612 700 2957 838 perdere
3013 700 3289 808 malis·

1071 854 1222 945 Sin
1292 881 1583 944 autem
1652 877 1996 983 optatae
2064 839 2244 978 spes
2307 845 2430 941 est
2501 840 2755 941 incisa
2831 838 3161 958 saluti3‚

986 1049 991 1052 ,
1069 997 1233 1097 Ne:=
1287 984 1558 1103 mihi,
1626 1021 1904 1124 quam
1973 991 2306 1099 merui,
2376 973 2801 1095 invideas,
2872 978 3343 1100 nutricula,
3415 1023 3817 1098 mortem.

1071 1135 1322 1226 Nam
1393 1120 1548 1222 nisi
1618 1160 1703 1225 te
1774 1123 2026 1224 nobis
2084 1120 2411 1240 maluS,
2483 1160 2544 1220 o
2609 1117 2890 1222 malus
2911 1197 2945 1240 ,
3013 1132 3351 1264 optima
3426 1139 3806 1260 Carme,

1073 1265 1310 1363 Ante
1375 1261 1610 1363 hunc
1671 1261 2230 1401 conspectum
2298 1261 2664 1383 casusve,
2732 1258 3074 1364 Deusve
3140 1263 3500 1368 tuliffet:

811 1420 1004 1507 280
1082 1409 1270 1503 Aut
1336 1399 1561 1503 ferro
1626 1402 1793 1503 hoc
1860 1413 2160 1542 (aperit
2225 1400 2550 1502 ferrum
2619 1402 2867 1544 quod
2934 1407 3160 1504 veste
3223 1402 3561 1534 latebat)

1082 1553 1623 1680 Purpureum
1698 1554 1955 1681 patris
2030 1542 2574 1679 dempfiffem
2652 1551 2961 1646 vertice
3018 1554 3345 1648 crinem
3372 1622 3406 1665 ,
3601 1565 3610 1572 ’

1079 1687 1268 1783 Aut
1342 1683 1561 1783 mihi
1635 1681 2039 1822 praesenti
2103 1681 2598 1819 peperiss‘em
2649 1680 3006 1785 volnere
3072 1682 3437 1791 lethum.

1075 1831 1261 1921 Vix
1315 1821 1524 1924 haec
1589 1822 2014 1943 ediderat,
2085 1858 2299 1922 cum
2370 1819 2608 1922 clade
2681 1832 3070 1923 exterrita
3145 1829 3364 1927 tristi

1077 1961 1470 2063 Intonsos
1545 1961 1832 2064 multo
1899 1962 2297 2098 deturpat
2362 1961 2711 2100 pulvere
2795 1973 3045 2063 crinis
3070 2038 3099 2079 ,

814 2122 935 2207 28
956 2149 993 2233 5
1083 2110 1195 2201 Et
1259 2115 1623 2242 graviter
1676 2107 1998 2245 questu
2070 2113 2396 2202 Carme
2465 2101 2953 2239 complorat
3015 2101 3243 2206 anili.

730 2253 733 2254 *
1077 2253 1171 2341 O
1248 2242 1463 2344 mihi
1537 2281 1773 2343 nunc
1828 2254 2143 2344 iterum
2215 2238 2573 2342 crudelis
2651 2241 3004 2342 reddite·
3051 2252 3401 2365 Minos,

1076 2390 1175 2480 O
1245 2390 1559 2482 iterum
1636 2387 1970 2486 nostrae
2027 2392 2331 2483 Minos
2400 2388 2750 2484 inimice
2828 2386 3201 2485 sent-stae
3539 2389 3542 2392 ’

1072 2529 1477 2660 Semper:
1552 2541 1644 2624 &
1709 2559 1862 2624 aut
1933 2521 2153 2622 olim
2224 2554 2422 2621 nata
2486 2560 2548 2621 o
2635 2556 2722 2621 te
2783 2558 3137 2761 propter
3209 2521 3688 2643 eundem,-

1068 2671 1314 2761 Auta
1382 2700 1581 2760 mor
1643 2663 1975 2766 infimae
2037 2660 2380 2762 luctum
2448 2671 2825 2800 portavit
2889 2702 2940 2763 a
2975 2701 3317 2766 umnae.

801 2841 858 2898 2
874 2838 1001 2920 90
1078 2809 1325 2901 Tene
1391 2839 1558 2943 ego
1624 2837 1805 2903 tam
1877 2800 2132 2943 longe
2197 2834 2447 2936 capta
2510 2838 2775 2945 atque
2838 2811 3131 2907 avecta
3198 2809 3605 2943 nequivi,

1082 2945 1316 3040 Tam
1389 2979 1645 3082 grave
1710 2941 2143 3045 servitium
2169 3018 2200 3063 ,
2274 2978 2459 3045 tam
2523 2943 2785 3047 duros
2853 2943 3077 3082 paffa
3143 2942 3523 3061 laborm,

1068 3078 1517 3223 Effugere,
1590 3119 1688 3183 ut
1753 3084 2038 3187 sistam
2106 3094 2468 3185 exitium
2534 3084 2890 3219 crudele
2938 3111 3403 3209 meorum?

1054 3224 1261 3360 Jam
1328 3232 1508 3351 jam
1577 3261 1738 3324 nec
1805 3225 2053 3325 nobis
2120 3262 2270 3341 ea,
2337 3260 2566 3364 quae
2628 3223 3150 3353 senioribus,
3219 3220 3494 3324 ullum

1074 3369 1360 3500 Copia
1426 3364 1768 3466 vivendi
1833 3376 2056 3468 vitae
2119 3400 2421 3506 genus,
2571 3373 2704 3467 Ut
2749 3367 2986 3506 „quid
3055 3404 3226 3505 ego
3288 3402 3582 3479 amens
3645 3434 3654 3451 ι
3717 3458 3729 3482 ³
3799 3400 3812 3485 ζ

805 3537 930 3617 ²9
949 3539 993 3628 5
1078 3502 1622 3639 Teerepta,
1693 3545 1754 3605 o
1818 3514 2373 3621 Britomarti,
2445 3542 2688 3605 meae
2753 3504 2928 3641 spes
2997 3544 3167 3617 una
3235 3501 3565 3625 salum,

1076 3643 1271 3758 Te,
1338 3651 1838 3745 Britomarti
1860 3636 1925 3763 ‚¹
1965 3647 2200 3749 diem
2271 3653 2526 3778 potui
2589 3646 3061 3783 producere
3126 3654 3406 3747 vitae?

996 3783 1373 3923 sztque
1418 3796 1776 3888 ‘utinam
1850 3794 2193 3905 Cereri,
2265 3823 2427 3890 nec
2491 3820 2834 3887 tantum
2901 3821 3139 3928 grata
3202 3793 3542 3885 Dianae

1067 3924 1713 4027 Venatus'esses
1781 3935 1910 4026 vir
2086 3924 2395 4027 stc’tata
2458 3934 2843 4028 virorum
2873 4001 2907 4046 ,
2963 3988 2988 4003 x
3185 4020 3190 4027 .
3281 4038 3290 4047 ‚
3487 3962 3494 3967 ⁴

1080 4060 1436 4169 Cnossia
1501 4060 1669 4165 neu
1737 3965 2053 4169 Parffio
2114 4064 2672 4175 contendens·
2704 4063 3022 4204 spicula
3079 4103 3355 4181 cornu
3458 4110 3462 4114 ·

817 4222 1005 4315 300
1081 4203 1479 4311 Dictaeas
1536 4243 1821 4346 ageres
1885 4204 1998 4307 ad
2066 4215 2458 4344 gramina
2530 4240 2740 4313 neta
2799 4206 3151 4346 capellas
3185 4248 3214 4303 a

1084 4347 1576 4485 Nunquam
1616 4362 1619 4365 ’
1655 4381 1837 4446 tam
1904 4347 2225 4446 obnixe
2288 4342 2626 4486 fugiens
2693 4355 3024 4448 Minois
3103 4383 3435 4451 amores
3460 4420 3498 4466 ‚

1084 4486 1483 4621 Praeceps
1541 4496 1793 4587 aereis
1864 4485 2191 4622 specula
2257 4486 2366 4586 de
2438 4486 2881 4601 montibus
2954 4484 3184 4586 isses:

1079 4623 1369 4726 Unde.
1427 4619 1570 4727 alii
1635 4624 1936 4767 fugisse
1993 4624 2284 4777 ferupt
2303 4699 2344 4748 ,
2411 4644 2506 4769 ὃς
2573 4635 2937 4783 numina
2997 4625 3350 4745 Phocac.
